3017 4900
539 385 746 455 acuossnt
772 386 814 453 11.
1159 388 1230 459 163

9 594 12 614 .
84 510 101 540 a
117 552 266 637 periodus
298 553 471 614 absolvitur.
522 571 575 614 cur
596 553 689 633 igitur
711 549 815 613 Pisida
840 550 1101 631 sanguinariorum
1123 505 1230 634 regum

8 682 14 713 ,
126 654 263 700 catenam
279 632 447 718 'multiplici
469 634 550 696 nodo
571 640 721 699 intextam
737 638 825 697 nohis
841 650 1060 717 repraesentat,
1086 642 1141 721 qui
1158 660 1229 700 nau-

9 766 15 800 .
125 730 186 787 tuis
200 748 232 785 se
247 724 388 785 caedibus
402 722 629 783 interfecerint?
651 724 683 801 ἐξ
701 718 838 805 αἱμάτων
851 718 961 785 didam
974 718 1112 804 αἱμάτων
1123 719 1227 807 γόνον.

9 854 15 887 :
126 811 291 892 sedereque
305 809 502 869 illudrerum
516 818 570 883 est,
593 807 684 869 hosce
696 820 758 869 tres
772 828 858 888 reges
873 808 1081 870 aliliisfnisse
1095 813 1227 871 occisos:

124 916 197 955 nam
218 894 364 956 chosroes
384 896 500 969 senior,
522 892 653 973 Agathia
673 905 749 955 teste
758 915 795 972 p.
814 899 895 968 272,
912 912 1048 954 maerore
1063 897 1227 972 confectus,

9 1024 12 1057 :
126 980 568 1063 quodalllauricioimperatore
576 982 796 1041 circumventus
804 980 1228 1060 vicmsqaesuissaginregiis

9 1118 10 1137 ,
123 1068 244 1147 palatiis
258 1064 460 1145 Ctesiphontis
472 1060 614 1129 καταλόει
628 1063 683 1129 cdv
698 1068 777 1147 βίον.
792 1073 795 1079 “
812 1084 889 1124 num
899 1066 993 1144 igitur
1005 1050 1168 1126 didendum
1181 1077 1227 1126 est

124 1172 185 1211 non
207 1156 240 1211 in
264 1150 347 1211 diem
368 1170 428 1231 quo
447 1148 594 1211 Ghosroes
611 1154 711 1211 iunior
722 1160 860 1211 mortuus
875 1160 936 1226 est,
954 1148 1009 1209 sed
1026 1154 1061 1210 in
1077 1172 1150 1212 eum
1165 1172 1226 1234 quo

123 1248 212 1297 natus
231 1248 293 1313 est,
313 1235 672 1317 Pisidanamperiodmn,
696 1235 807 1318 deque
820 1238 935 1316 agitur,
958 1235 1112 1313 desinere,
1136 1248 1226 1320 atque

120 1326 164 1383 ita
187 1342 308 1403 prorsus
328 1321 525 1401 intelligenda
544 1342 608 1385 esse
633 1342 709 1405 quae
729 1324 873 1402 legsmtnr
893 1341 992 1381 ναννα.
1005 1325 1067 1391 198
1086 1334 1118 1382 et
1140 1320 1226 1388 199²

125 1407 178 1468 sed
199 1430 299 1490 neque
318 1406 376 1467 hac
398 1406 500 1467 habita
518 1418 690 1489 temporum
710 1412 825 1469 ratione
839 1406 961 1467 Pisidae
977 1405 1138 1488 descriptio
1152 1428 1227 1468 oon·
1272 1422 1277 1429 ’

124 1496 208 1553 venit
222 1514 291 1553 cum
305 1496 343 1553 iis
358 1512 435 1575 quae
452 1492 489 1553 de
505 1497 610 1553 ceteris
624 1496 785 1553 Persarum
798 1494 920 1571 regibus
932 1504 1102 1555 narrantur.
1134 1513 1228 1575 quare

122 1578 315 1640 statuendum
333 1590 474 1659 putamus
494 1579 545 1637 vel
561 1578 699 1639 nondum
713 1582 785 1639 satis
798 1580 955 1657 explorata
967 1599 1034 1639 esse
1052 1597 1131 1660 quae
1148 1582 1228 1639 circa

123 1684 230 1745 regum
253 1668 413 1725 Persarum
442 1666 652 1745 genealogiam
679 1667 797 1744 scriptis
821 1661 1004 1723 mandarunt
1027 1685 1097 1724 cnm
1120 1666 1228 1723 Graeci

122 1760 188 1809 tum
209 1752 280 1831 Syri
301 1753 477 1829 scriptores,
498 1750 550 1811 vel
563 1749 699 1810 Pisidam
712 1770 774 1809 non
788 1747 829 1807 ad
843 1760 957 1808 rectam
970 1748 1131 1809 historicae
1147 1754 1230 1809 reri-

122 1839 192 1895 tatis
206 1856 362 1910 normam,
385 1834 441 1894 sed
453 1855 493 1895 ex
506 1838 617 1914 po'e'tioi
629 1838 745 1915 ingenii
758 1834 900 1894 liberiore
911 1833 1025 1894 indicio
1040 1847 1071 1895 et
1085 1837 1229 1895 facrrltate

123 1940 210 1980 suem
236 1922 460 2001 sanguinariam
483 1931 621 1979 catenam
644 1921 843 1995 confinxisse,
867 1930 902 1979 ut
918 1923 1056 1980 omniurn
1073 1920 1179 1981 odium
1194 1924 1228 1979 in

120 2008 229 2067 Persas
244 2026 409 2088 eorumque
424 2004 661 2067 dominationem
672 2007 792 2065 facilius
806 2015 1002 2065 converteret.

207 2094 280 2157 186·
323 2086 465 2174 ἰμφραγὴ
486 2090 571 2151 idem
591 2110 625 2151 ac
649 2087 843 2175 ἐμφραγμός,
864 2088 1037 2149 cormesio.-
1059 2089 1112 2151 hic
1126 2100 1229 2153 antem

120 2176 325 2258 metaphorice
341 2198 397 2258 pro
416 2177 515 2237 cceds.

205 2265 279 2327 188.
322 2284 384 2323 non
406 2265 512 2323 inscite
533 2264 659 2336 Persae,
676 2270 721 2319 -ut
743 2257 900 2321 Pharisaei
914 2262 948 2319 in
965 2261 1138 2341 evangelio,
1159 2284 1229 2342 yrs-

119 2342 240 2429 νήματα
266 2347 393 2428 ἐχιδνῶν
420 2350 626 2429 appellantur,
657 2365 698 2405 ex
721 2356 859 2407 veterum
882 2357 1038 2405 annornm
1056 2344 1229 2423 traditione,

121 2453 182 2515 qua
204 2436 324 2514 viperae
346 2434 518 2496 ferebantur
538 2455 589 2494 ore
613 2434 710 2508 coire,
731 2432 864 2492 feminae
885 2432 1048 2512 voluptatis
1068 2430 1228 2492 dulcedine

122 2521 215 2578 maris
241 2531 330 2600 caput
355 2519 544 2601 praecidere,
564 2530 595 2579 et
614 2519 694 2577 fetus
714 2520 820 2577 matris
839 2528 962 2578 uterum
982 2515 1126 2595 erodere,
1147 2537 1228 2600 qnae

120 2623 215 2686 quem
230 2607 307 2666 false
324 2608 402 2682 sint,
428 2605 521 2668 hodie
532 2624 624 2664 nemo
638 2606 769 2682 ignorat.
1134 2623 1138 2627 ’
1208 2607 1222 2621 ”

207 2693 279 2756 190.
321 2697 434 2774 siricae
452 2692 643 2752 hereditatem
659 2689 798 2767 intelligo
821 2709 887 2749 esse
899 2687 1065 2748 vindictam
1080 2709 1121 2749 ex
1130 2689 1228 2769 nuper

118 2777 213 2840 allata
231 2789 369 2837 veterum
386 2775 639 2859 philosophorum
658 2773 696 2835 de
714 2776 828 2855 viperis
850 2777 1009 2855 opinione,
1028 2794 1123 2858 qnam
1135 2774 1227 2836 tradit

119 2860 291 2922 Herodotus
310 2867 329 2925 8
354 2865 426 2924 109.

205 2948 279 3009 193.
322 2942 634 3023 videremus-184.

206 3028 280 3094 194.
322 3033 479 3092 notissima
498 3039 569 3090 sunt
586 3031 720 3088 locastae
743 3026 876 3108 flagitia,
898 3047 977 3110 qnae
993 3038 1144 3109 cumpost
1158 3029 1227 3088 Iraii

118 3115 221 3176 mariti
232 3135 341 3176 necem
354 3116 469 3197 Oedipo
483 3115 545 3176 filio
569 3119 721 3196 nupsisset
741 3124 773 3174 et
790 3133 832 3173 ex
847 3115 1074 3192 eo'Polynicem
1090 3126 1121 3174 et
1133 3117 1228 3174 lites·-

120 3204 200 3262 clem
222 3205 392 3282 genuisset,
425 3203 484 3262 sibi
505 3220 613 3262 manus
632 3203 744 3260 intulit.
786 3198 901 3261 videsis
922 3197 1227 3275 clausisset,

120 3287 270 3348 Senecam
284 3291 318 3348 e'rr
335 3288 449 3366 Oedipo
465 3298 495 3346 et
510 3289 666 3366 Hyginum
680 3307 713 3345 n.
729 3289 782 3352 76.
1022 3290 1026 3300 ’
1221 3287 1225 3295 ’

205 3375 277 3449 197.
322 3373 436 3448 ἐκεῖνος
455 3377 576 3432 Artaser
595 3373 646 3432 vel
660 3375 826 3432 Artaxares
841 3369 892 3430 rel
904 3373 1095 3431 Artaxerses.
1137 3363 1229 3434 πόλιν

120 3457 305 3519 Darartesim
318 3461 370 3519 rel
382 3457 611 3536 Dastagerdam.
1139 3476 1143 3489 ¹
1219 3471 1226 3484 ·

206 3547 279 3607 200.
321 3547 355 3603 in
376 3545 516 3604 omnibus
537 3545 698 3604 Persarum
717 3543 841 3622 templis
863 3552 950 3600 erant
971 3542 1054 3620 Magi
1075 3539 1229 3601 melodiae

121 3627 201 3706 ignis
218 3626 369 3689 destinati.
403 3628 473 3690 ride
486 3650 581 3708 supra
592 3630 722 3689 Aaron.
742 3631 762 3692 1
783 3633 836 3703 23,
857 3628 910 3686 ubi
925 3625 963 3686 de
979 3628 1094 3706 templo
1107 3629 1228 3703 Gazaci,

121 3715 154 3770 in
168 3731 229 3794 quo
241 3713 340 3794 eratef
354 3710 455 3795 πλάνη
469 3719 532 3777 scir
545 3709 715 3795 scopinae
729 3711 894 3772 amborum
909 3715 1086 3791 imposuere.
1109 3719 1112 3723 '

204 3799 280 3864 204.
322 3797 527 3881 Theophanes
541 3820 560 3868 ‚a
569 3822 607 3879 p.
620 3805 688 3866 267·
698 3798 738 3859 ad
746 3820 784 3877 p.
799 3801 862 3861 269
881 3796 1047 3857 chosroam
1059 3807 1143 3856 metu
1156 3817 1231 3878 per-

119 3884 253 3961 mhum,
275 3885 462 3966 Dastagerda
481 3887 601 3962 relicta,
624 3905 714 3944 arnae
727 3881 855 3964 Tigride
872 3887 1012 3958 deiecto,
1034 3884 1113 3942 ultra
1130 3884 1231 3944 Ctesi-¹

120 3967 267 4046 phontem
288 3973 402 4051 fugisse
424 3983 542 4047 narrat;
565 3970 646 4030 unde
668 3972 826 4030 Heraclius
846 3989 917 4028 vere
937 3979 971 4026 ut
988 3967 1124 4044 fulmen,
1145 3969 1231 4030 nollo

122 4053 303 4133 obsistente,
326 4058 438 4138 ubique
453 4059 563 4132 victor,
587 4054 806 4136 Dastagerdam
819 4075 872 4133 spe
886 4055 975 4113 citius
988 4057 1157 4134 occuparit.

207 4142 282 4206 205.
326 4138 593 4226 σχηματονργήσας
611 4139 712 4223 φόβον
728 4144 877 4200 incutiens
888 4142 1031 4199 timorem
1044 4140 1154 4200 bellico
1172 4159 1231 4218 ap-

119 4233 228 4304 paratu
261 4236 292 4284 et
319 4227 484 4304 incendiIs,
516 4229 624 4309 quibus
645 4225 802 4287 Persidem
822 4227 884 4284 late
904 4226 1042 4286 sanabat
1060 4225 1228 4298 Heraclius,

119 4301 178 4390 stix
198 4303 291 4388 isaie,
314 4323 348 4370 ut
368 4313 452 4374 idern
471 4317 634 4394 imperator
652 4325 727 4373 teste
747 4310 937 4393 Theophane
944 4334 982 4392 p.
1001 4315 1065 4377 270
1078 4307 1230 4370 chosroae

119 4397 258 4474 scripsit,
280 4403 446 4477 πυρπολῶν
465 4394 524 4481 τὴν
540 4399 690 4483 Περσίδα,
714 4393 790 4462 ἄλλα
807 4399 958 4480 βιασθείς.

163 4505 262 4576 Gearg.
286 4505 371 4560 Pisid.
981 4498 1022 4563 14
