3017 4900
341 382 415 456 aaa
804 314 978 448 reram

339 545 461 629 pascha,
483 544 569 629 cyclo
585 541 660 605 solis
670 542 809 605 Romano
825 546 883 621 22,
904 542 952 603 lit.
963 542 1010 619 Δς
1041 550 1215 625 pentecoste
1226 558 1299 605 sero
1317 540 1402 603 iunii
1415 540 1450 619 4,

339 636 430 712 longe
443 643 511 711 post
526 634 566 697 12
580 632 664 689 Maii.
708 628 764 689 sed
780 649 881 713 neque
902 640 971 689 aute
984 626 1067 689 hunc
1082 648 1212 705 annum,
1233 638 1453 711 praeterquam

339 738 368 779 a.
386 718 464 793 642,
485 706 657 798 pentecoste
673 716 707 773 in
720 716 795 773 Maii
813 718 852 779 12
866 714 1009 790 incurrit,
1030 732 1131 796 neque
1143 724 1229 795 post,
1250 715 1312 775 nisi
1328 724 1453 773 tantum

337 822 368 865 a·
385 806 466 879 726,
498 812 533 861 ut
547 820 588 861 ex
603 798 706 860 Bedee
720 819 756 859 ao
769 801 908 881 Dionysii
923 801 1016 883 cyclis
1031 801 1196 881 intelliges.
1236 797 1369 881 proinde
1387 800 1454 859 fal·

337 908 408 949 sum
418 882 456 949 sci
469 885 613 969 γενέθλια
628 886 758 966 cpoleos
776 888 809 944 in
829 885 987 946 sabbatum
1008 896 1078 947 ante
1091 894 1285 967 pentecosten
1300 883 1453 962 incidere,

337 984 373 1033 nt
399 975 505 1033 asserit
525 972 604 1032 falso
622 970 734 1032 Sethus
750 972 917 1031 Calvisius:
944 972 1058 1053 alioqui
1075 968 1188 1053 pascha
1204 970 1246 1037 24
1261 972 1366 1029 Martii
1383 990 1453 1031 esse

337 1058 454 1134 debuit,
475 1055 559 1141 quod
575 1067 621 1117 est
634 1054 895 1117 absurdissimum.
918 1055 1000 1139 quod
1013 1078 1084 1117 vero
1100 1053 1323 1136 Theophanem
1336 1066 1452 1117 testem

336 1146 491 1220 nominat,
517 1143 590 1203 satis
606 1140 688 1224 quod
702 1144 789 1202 initio
807 1140 978 1203 dictumest
991 1140 1138 1218 ostendit,
1167 1161 1200 1203 se
1214 1143 1377 1201 oscitanter
1391 1140 1451 1200 ad-

336 1227 464 1291 modum
492 1228 526 1287 iu
553 1228 751 1288 illustrissimi
772 1228 896 1289 Baronii
913 1228 1096 1303 Annalibus,
1129 1246 1208 1309 quae
1231 1224 1451 1307 chronologiae

338 1316 423 1375 illius
435 1316 525 1373 unica
539 1332 626 1393 seges
639 1322 696 1390 est,
718 1315 899 1393 scriptorum
911 1312 979 1373 loca
990 1332 1174 1393 percurrere.
1196 1312 1260 1371 illic
1276 1312 1363 1371 enim
1377 1313 1451 1372 sab-

337 1400 443 1460 batum
456 1400 550 1459 firisse
566 1397 676 1459 dicitur
693 1400 778 1459 cuius
789 1396 934 1478 postridie
947 1408 1119 1479 pentecoste
1135 1399 1236 1473 inerit,
1259 1394 1452 1480 quodetiam

336 1488 473 1546 Zonaras
486 1505 522 1544 ac
536 1482 689 1544 cedrenus
703 1481 824 1545 docent.
867 1494 1000 1543 ceterum
1009 1480 1207 1563 Theophanis
1220 1484 1276 1543 iste
1291 1484 1382 1543 locus
1394 1486 1451 1543 iis-

338 1569 411 1630 dem
424 1572 458 1629 in
472 1570 641 1632 Annalibus
663 1588 704 1629 ex
715 1570 853 1631 Miscella
865 1570 1043 1651 perobscura
1060 1567 1195 1629 redditus
1208 1578 1264 1628 est.
1308 1588 1449 1649 cereoque

339 1655 500 1729 mutan,
519 1656 629 1738 inquit,
651 1676 722 1715 cum
734 1656 861 1715 Restat
874 1656 1022 1715 recusent.
1066 1674 1124 1714 nec
1137 1657 1237 1714 minus
1251 1654 1370 1714 Graeca
1382 1656 1449 1733 ipss

339 1742 499 1823 perplexa.
522 1760 652 1824 qnorum
664 1751 767 1800 tamen
781 1760 887 1801 sensus
901 1751 947 1800 est
959 1741 986 1800 is
999 1758 1091 1821 quem
1107 1758 1148 1800 ex
1160 1736 1330 1821 Nicephoro
1343 1752 1449 1799 nostru

340 1829 528 1907 colligimus,
551 1828 647 1887 natali
657 1826 741 1887 urbis
758 1836 896 1907 equestre
912 1836 1064 1887 certamen
1077 1844 1143 1887 esse
1156 1827 1367 1885 commissum.
1394 1822 1451 1885 sed

338 1923 433 1995 quoto
447 1911 572 1972 demum
587 1931 666 1973 anno
684 1910 755 1971 data
768 1912 823 1972 iila
835 1912 977 1973 natalicia
990 1908 1082 1973 eunti
1103 1912 1131 1971 si
1145 1910 1228 1971 urbis
1241 1930 1272 1970 re
1287 1930 1365 1970 vera
1379 1910 1451 1970 fue-

338 2008 419 2074 runt,
443 1996 482 2058 de
498 2006 670 2077 pentecoste
681 1998 807 2075 falsum
848 1997 920 2058 vide
935 1999 1027 2077 igitur
1043 2016 1083 2056 an
1096 1994 1260 2078 Philippici
1275 1996 1377 2077 ipsius
1391 2016 1452 2055 na-

336 2083 409 2141 talis
422 2080 486 2143 dies
500 2084 607 2158 fuerit,
636 2084 691 2165 qui
706 2095 777 2143 cnm
787 2084 904 2167 aliquot
918 2081 1025 2143 diebus
1040 2093 1109 2165 post
1121 2082 1254 2143 natalem
1267 2082 1354 2141 urhis
1369 2084 1451 2141 inci·

338 2164 448 2243 disset,
469 2168 549 2225 lunii
562 2165 705 2229 videlieet
715 2168 754 2247 3,
776 2170 866 2230 ambo
879 2170 928 2231 ilii
941 2168 1006 2231 dies
1021 2169 1056 2229 in
1071 2188 1167 2231 unum
1178 2168 1216 2229 ab
1231 2164 1389 2230 historicis
1402 2178 1450 2229 te·

337 2252 657 2313 mereconflatisunt.
950 2298 955 2305 .

421 2406 455 2467 p·
467 2382 511 2452 66
524 2404 557 2448 v.
570 2384 623 2453 15.
644 2380 786 2472 σιῦνννον
805 2383 885 2464 [τις]
905 2386 1020 2450 Paulus
1040 2388 1194 2452 Diaconos
1214 2405 1328 2450 annum
1348 2406 1451 2449 cumn

336 2481 368 2532 et
388 2477 410 2540 6
429 2492 548 2535 menses
568 2471 741 2578 Philippico
762 2473 879 2535 trihuit.
920 2475 1031 2564 reliqui
1049 2475 1125 2538 duos
1138 2495 1246 2537 amos.
1287 2477 1451 2535 hlanames

336 2556 439 2623 4108:
471 2557 542 2622 teet
564 2553 623 2642 reip
646 2581 751 2641 poscae
770 2557 865 2624 ἔτεσιν
886 2556 1028 2644 dyadem
1048 2565 1106 2626 soei
1126 2560 1265 2642 στίφους.
1306 2563 1451 2621 Zonaras

334 2653 562 2725 praetereamus
576 2642 654 2705 duos
666 2646 783 2727 aliquot
796 2664 916 2706 menses
927 2644 1023 2706 addit.
1043 2645 1331 2730 Theophanesn2,
1352 2665 1451 2707 men-

335 2748 385 2790 ses
398 2733 432 2794 9.
474 2727 645 2791 Chronioon
658 2731 766 2792 cleric.
779 2749 809 2791 a.
821 2729 959 2809 totidem,
979 2751 1023 2792 m.
1037 2735 1069 2798 8.

423 2845 466 2907 ib.
482 2851 580 2914 v.18.
620 2843 776 2933 Ἀρτέμιον
791 2849 996 2934 damnosi]
1014 2851 1225 2914 constantinus
1240 2849 1337 2918 4118·

422 2984 455 3047 p·
469 2965 511 3033 56
525 2987 555 3027 v·
571 2967 622 3034 15·
643 2967 694 3032 tet
706 2965 762 3034 cdv
779 2970 908 3034 Φοίνικα
923 2969 1176 3054 ναυπηγησίμοις]
1197 2969 1381 3052 depravatus
1394 2966 1449 3029 hic

336 3049 437 3126 locus,
460 3051 544 3133 quod
555 3054 800 3134 interpretatione
812 3057 880 3136 ipsa
892 3057 1062 3138 exprimere
1074 3055 1255 3117 studuimus.
1276 3074 1350 3116 vera
1360 3057 1448 3114 enim

337 3137 428 3196 lectio
443 3141 613 3216 genitivum
625 3141 798 3219 postulabat
810 3143 1060 3224 ναυπηγησίμων.
1103 3139 1241 3214 barbari,
1260 3143 1380 3223 inquit,
1401 3141 1450 3200 cd

337 3221 523 3282 caedendam
535 3228 693 3286 maiorm
702 3227 844 3306 profecti.
890 3245 982 3310 quam
999 3229 1162 3288 lectionem
1181 3226 1294 3288 indicat
1306 3229 1445 3286 Zamaras

336 3308 558 3370 inAnastasiot
582 3308 696 3393 pecode
714 3307 749 3375 dl
769 3307 818 3376 ὅτι
837 3309 869 3388 ἒξ
881 3305 1104 3396 Ἀλεξανδρείας
1115 3311 1166 3378 lrsl
1183 3314 1334 3392 ‘Possim
1348 3317 1445 3376 πλοῖα

416 3387 569 3474 ὥρμισαν,
598 3395 652 3460 ἵνα
672 3390 748 3472 ξύλα
772 3395 892 3462 aaron
913 3400 1098 3478 κομίσωνται
1118 3392 1347 3480 ναυπηγήσιμα
1389 3399 1445 3456 ubi

246 3489 271 3550 p
287 3489 322 3548 ει
339 3479 365 3537 Ρ
388 3480 536 3538 oenioiam
555 3500 622 3541 esse
641 3482 708 3542 rnlt
726 3484 882 3562 regionem
896 3485 984 3544 illam
999 3482 1039 3543 ad
1051 3503 1144 3566 quam
1156 3485 1301 3545 Saraceni
1312 3483 1443 3562 nariga-

333 3572 418 3624 ront.
460 3574 575 3626 etcum
584 3565 772 3647 Nicephorus
786 3564 840 3632 τᾶν
854 3571 983 3634 Φοίνικα
992 3571 1113 3647 scribat,
1135 3572 1308 3650 putarimus
1321 3567 1442 3628 adeius

333 3649 468 3712 nominis
481 3649 629 3734 oppidum
640 3653 829 3736 fluviumque
842 3658 1008 3735 pertinere,
1036 3658 1090 3739 qui
1102 3653 1212 3718 Rhodo
1226 3656 1345 3718 imolae
1362 3653 1442 3713 rici-

334 3754 394 3796 nus
405 3745 466 3812 est3
489 3735 529 3797 de
543 3755 605 3820 quo
617 3735 803 3820 Stephanus·
844 3749 880 3800 tu
895 3739 966 3802 ride
982 3759 1022 3802 an
1033 3743 1076 3802 ita
1087 3739 1271 3804 resduaenda
1286 3741 1326 3801 sit
1343 3739 1441 3799 intes·-

335 3822 466 3900 pretatio
481 3825 1108 3907 uomereamtamrumorpeaebuaaes
1123 3827 1345 3888 Soram
1359 3824 1441 3884 clos-

334 3907 1045 3996 umccedendmsrnotlnom'umsabn'com
1072 3912 1440 3994 cupressumeaesear'n

334 3989 533 4055 Phocasaea
561 3996 720 4058 mecam.
785 3995 993 4082 Theophanes
1018 3999 1111 4062 etiam
1130 3996 1187 4068 σὸν
1207 3997 1340 4066 Φοίνικα
1363 3996 1439 4058 *fll-

333 4077 396 4157 affl
409 4071 450 4157 *)·

402 4370 1052 4474 u>virodunensil'srls.nituisti).
