3017 4900
397 353 452 421 AD
478 351 761 422 NICEPHORUM
783 353 937 423 NOTAE.
1147 354 1219 426 111

100 525 190 603 psit.
231 524 305 580 nam
317 521 401 602 cyclo
413 521 504 580 lunae
521 517 560 584 14
574 519 648 579 luna
666 515 702 583 14
716 521 789 600 Apr.
802 521 862 595 12,
884 518 985 600 cyclus
998 520 1120 597 solist),
1142 541 1218 601 epa·

102 620 185 666 ctae
208 609 280 668 10111
301 611 337 680 83
359 626 433 686 quas
458 605 536 665 adde
556 606 743 684 regularibus
765 609 821 685 τῆς
841 608 1012 682 conscios,
1033 604 1093 665 hoo
1114 618 1160 666 est
1177 609 1215 671 5:
1233 604 1255 657 P
1272 605 1308 658 67

101 694 193 752 fiunt
207 697 237 757 8.
280 691 404 771 proinde
420 693 495 751 feria
514 695 529 752 1
545 692 658 770 Aprilis
675 691 726 754 12.
769 701 800 748 et
821 687 897 752 καθ’
919 690 1088 772 ὑπέρβασιν
1103 692 1217 771 pascha

101 775 313 837 reiiciendum
333 780 367 834 in
390 781 440 841 19.
482 794 544 834 non
567 779 660 854 igitur
682 772 814 834 eundem
829 779 862 833 in
877 795 991 834 anunm
1001 777 1151 836 lulianum
1164 791 1217 838 aut

99 864 286 922 Heracliani
307 864 444 940 imperii,
467 858 548 941 qaod
567 862 604 919 ab
628 861 747 921 Octobri
760 880 883 937 mense,
904 871 939 920 nt
952 872 1021 919 ante
1032 867 1216 941 monuimus,

99 947 288 1020 inchoatur,
312 945 371 1004 duo
387 947 434 1004 illi
449 943 647 1026 Theophanis
661 965 696 1004 sc
711 943 839 1006 Gedreui
853 945 1038 1006 characteres
1050 950 1216 1025 incurnmt,

98 1033 166 1091 sed
189 1034 382 1111 cpolitanum
405 1028 560 1090 duntaxat.
604 1025 731 1114 quorum
752 1035 867 1111 primns
892 1034 1011 1112 Sepsa
1035 1036 1217 1096 162101-

96 1117 252 1178 buendus
273 1126 333 1190 est,
359 1116 448 1190 alter,
470 1115 612 1196 idemque
633 1115 801 1196 paschalis,
823 1137 852 1176 a.
875 1121 954 1190 622,
976 1117 1061 1196 cyclo
1079 1116 1217 1196 paschali

97 1203 173 1278 15,
197 1203 281 1282 cyclo
305 1202 378 1260 solis
400 1221 440 1260 ex
459 1199 602 1262 methodo
621 1204 778 1282 cpolitano
801 1214 832 1262 et
851 1205 979 1263 Maximi
1000 1213 1140 1282 computo
1164 1208 1217 1268 10.

94 1291 260 1346 terminus
275 1283 424 1366 paschalis
439 1289 551 1367 Aprilis
570 1293 598 1352 1.
630 1299 838 1347 concurrentes
850 1288 871 1350 4
883 1309 953 1346 cum
964 1290 1096 1364 regislari
1110 1295 1125 1352 1
1142 1287 1217 1347 dant

95 1373 257 1438 feriam6
278 1373 391 1452 Aprihs
408 1373 437 1434 1.
481 1372 561 1432 unde
584 1374 697 1452 Aprilis
716 1373 737 1438 4
759 1372 909 1442 dominica
926 1372 1088 1452 paschatis.
1132 1373 1215 1452 apud

97 1461 236 1518 Latisrcs
256 1477 327 1516 vero
350 1458 433 1536 cyclo
452 1459 525 1516 solis
543 1457 581 1522 15
602 1459 648 1516 lit.
662 1456 743 1516 dom.
757 1460 791 1517 c.
835 1456 1042 1518 eodemlunae
1054 1458 1138 1537 cyclo
1150 1471 1213 1517 ter—

99 1546 214 1602 minus
228 1541 377 1622 paschalis
393 1553 423 1600 et
436 1541 547 1620 pascha
559 1541 667 1602 iisdem
678 1544 740 1602 illis
753 1541 871 1602 diebus.

197 1632 232 1687 ln
257 1625 464 1687 Alexandrino
487 1626 633 1686 Chronico
656 1649 684 1706 p.
703 1631 766 1694 892
786 1632 1010 1708 scriptumest,
1032 1626 1140 1686 Indict-
1160 1627 1213 1703 12,

102 1715 244 1775 Heraclii
267 1712 305 1777 14
329 1724 358 1770 et
379 1722 448 1790 post
469 1716 533 1771 eius
556 1713 743 1771 consulatum
767 1719 824 1787 18,
856 1715 989 1772 Heraclii
1010 1715 1136 1772 iunioris
1163 1717 1213 1788 12,

103 1800 286 1860 Heraclium
301 1817 370 1856 cum
383 1797 486 1855 liberis
501 1809 530 1856 et
543 1801 670 1877 coniuge
683 1799 853 1876 profectum
864 1801 906 1864 25
920 1801 1037 1872 Martii,
1060 1810 1090 1857 et
1104 1798 1144 1856 ad
1157 1803 1213 1857 Ni-

104 1883 281 1946 comediam
307 1880 419 1962 psscha
446 1883 630 1960 celebrasse3
663 1881 829 1942 secundum
851 1881 933 1964 quod
955 1886 1088 1943 remissis
1109 1886 1214 1944 liberis

105 1991 181 2030 cum
193 1969 322 2028 Martiae
335 1969 462 2045 coniuge
477 1971 619 2049 perrexit.
663 1966 808 2028 debuerat
829 1967 981 2050 paschatis
999 1968 1212 2044 characterem,

104 2067 144 2115 ut
163 2059 197 2114 in
217 2055 379 2113 levioribus
399 2055 493 2128 solet,
516 2052 695 2112 adscribere.
737 2055 875 2130 interim,
904 2056 931 2114 si
950 2074 1023 2113 sana
1043 2056 1133 2114 lectio
1156 2066 1212 2131 est,

17 2151 18 2156 ’
104 2139 170 2200 hoc
181 2137 293 2220 pascha
305 2142 339 2198 in
352 2157 379 2196 a.
393 2136 425 2196 d.
438 2139 500 2202 624
511 2141 643 2214 incurrit,
666 2140 750 2219 cyclo
762 2141 835 2199 solis
846 2142 982 2199 Romano
998 2142 1038 2203 17
1051 2141 1212 2217 bissextili,

17 2229 18 2242 ¹
104 2227 157 2286 lit.
181 2224 263 2284 dom.
287 2225 329 2301 G,
351 2229 439 2282 term.
460 2221 602 2303 pasch..5
623 2223 683 2284 eid.
696 2228 789 2304 Apa,
810 2225 934 2299 ferini,
957 2221 1038 2283 dom.
1051 2223 1155 2304 pasch.
1172 2231 1213 2291 17

17 2325 18 2392 j
104 2307 173 2370 kal.
194 2313 305 2386 Maias,
337 2305 396 2368 hoc
415 2318 460 2368 est
475 2313 550 2390 Apr.
570 2307 621 2374 15.
665 2329 706 2369 ex
727 2307 872 2370 methodo
891 2329 962 2368 vero
981 2311 1109 2368 Maximi
1127 2313 1212 2390 cyclo

17 2409 18 2418 ¹
107 2397 183 2457 solis
205 2401 254 2462 12.
297 2403 504 2455 concurrentes
521 2399 541 2459 7
563 2415 633 2456 oum
652 2396 783 2476 regsdari
798 2399 925 2474 9100,
945 2391 1115 2469 11000112,
1137 2394 1213 2454 dant

17 2476 18 2481 ἵ
105 2482 216 2541 feriam
229 2486 249 2545 2
263 2482 294 2539 in
308 2482 447 2539 termino.
471 2480 597 2560 ergo.15
612 2484 686 2559 Apr.
701 2478 824 2559 pascha.
846 2500 953 2539 rerum
963 2480 1075 2539 falsum
1088 2484 1212 2540 omnino

17 2558 19 2593 ἰ
107 2566 278 2627 chronicon
292 2565 371 2625 illud
384 2586 449 2625 esse
464 2588 504 2625 ex
523 2587 557 2624 eo
571 2565 756 2625 validissime
773 2564 932 2644 probatur,
954 2565 1211 2646 qnodlleraolius

17 2642 18 2677 ³
106 2672 135 2711 a.
149 2655 271 2732 imperii
287 2651 327 2714 14
342 2653 430 2731 cpoli
443 2672 509 2711 esse
524 2670 586 2709 non
600 2654 714 2730 potuit:
736 2648 797 2709 hoc
817 2652 900 2709 enim
917 2670 996 2709 anno
1016 2671 1086 2709 cum
1101 2654 1135 2709 in
1154 2654 1212 2709 lll-

17 2732 20 2767 1
104 2738 197 2795 bunia
211 2736 344 2794 hiemem
357 2735 557 2810 traduxisset,
580 2748 736 2813 appetente
748 2757 831 2807 vere,
853 2738 941 2795 mods
953 2757 989 2793 ex
1001 2736 1144 2794 Albania
1157 2758 1212 2794 ca·-

17 2818 19 2849 ²
105 2824 191 2891 stria,
213 2829 247 2877 ut
268 2820 310 2875 ait
329 2816 550 2895 Theophanes,
575 2824 606 2878 in
622 2820 779 2881 Persidem
793 2824 909 2898 erupit,
930 2832 1053 2903 totoque
1070 2822 1212 2901 deinceps

17 2902 20 2935 ²
104 2924 184 2965 anno
200 2922 270 2961 cum
285 2900 424 2960 Chosrois
440 2899 565 2960 ducibus
581 2906 735 2981 pugnavit.

17 2988 18 2993 ’
190 2992 234 3047 Ne
260 2986 371 3045 diutius
393 2984 544 3061 differant,
567 2989 607 3044 ita
631 3007 752 3066 prorsus
774 2988 933 3061 existimo,
957 2984 1070 3067 pascha
1084 2987 1162 3048 illud
1176 2994 1210 3048 in

101 3073 256 3135 chronico
278 3083 545 3132 commemoratum
564 3073 747 3132 celebratum
760 3073 798 3131 ab
813 3074 952 3131 Heraclio
966 3093 1032 3132 esse
1046 3093 1075 3132 a.
1089 3076 1210 3154 imperii

105 3164 148 3225 18
172 3159 239 3218 Ind.
265 3159 322 3232 11,
354 3156 465 3217 Christi
487 3157 560 3223 623.
604 3176 663 3237 quo
685 3178 765 3217 anno
789 3158 873 3237 cyclo
895 3160 967 3218 solis
986 3160 1144 3237 cpolitano
1160 3166 1209 3237 11,

101 3248 196 3305 lunae
213 3248 251 3307 16
263 3244 412 3302 terminus
422 3241 526 3325 pasch.
539 3244 580 3307 21
595 3244 705 3303 Martii.
732 3253 942 3305 concurrentes
956 3244 977 3310 6
989 3264 1060 3303 cum
1072 3252 1210 3326 προσθε-

102 3328 205 3404 ταῐς4
223 3327 452 3392 dsntferisma
471 3330 657 3387 intermino.
700 3326 771 3389 ideo
794 3331 895 3387 Martii
916 3333 958 3392 27
982 3328 1133 3389 dominica
1151 3352 1209 3411 pa-

104 3414 226 3478 schalis.
268 3412 352 3473 idem
373 3416 512 3474 convenit
532 3412 613 3493 apud
632 3416 758 3474 Latinos
771 3415 856 3494 cyclo
868 3414 940 3474 solis
957 3419 995 3478 16
1010 3416 1055 3473 lit.
1073 3414 1154 3474 dom.
1171 3420 1207 3476 B.

105 3512 194 3583 atque
222 3497 281 3559 hoc
306 3498 431 3582 quidem
454 3518 549 3574 anno,
576 3510 695 3559 auctore
717 3497 923 3580 Theophane,
951 3502 1125 3577 Heraclius,
1155 3506 1209 3583 qui
1245 3506 1257 3528 ⁹

106 3605 183 3645 anno
210 3588 363 3663 superiore
394 3586 512 3665 cpolim
540 3582 697 3643 hiemandi
726 3604 816 3646 cansa
838 3605 879 3645 ex
900 3589 1045 3645 Armenia
1067 3586 1208 3664 redierat,

17 3720 18 3723 ,
105 3672 205 3731 Martii
227 3670 283 3747 to,
305 3670 372 3731 Ind.
398 3676 435 3733 11
460 3680 561 3729 contra
581 3669 734 3731 Chosroiin
754 3689 892 3752 egressus
908 3681 964 3731 est.
1007 3670 1089 3752 quod
1106 3683 1208 3732 autem

17 3754 19 3811 Ξ
108 3758 146 3820 25
166 3758 265 3813 Martii
287 3758 440 3836 proiectus
460 3758 490 3813 in
512 3753 658 3815 chronico
680 3758 806 3835 legitur,
827 3756 918 3817 facile
936 3754 1208 3837 cumTheophanc

17 3856 19 3887 l
108 3844 256 3901 conciliari
279 3848 394 3922 potest.'
432 3838 506 3921 quid
526 3844 553 3899 si
573 3845 655 3900 enim
668 3863 724 3922 pro
741 3838 776 3907 ιε’
790 3844 910 3923 scripsit
923 3839 1129 3921 Theophanes
1144 3840 1208 3907 sss‘?

17 3926 19 3983 ἶ
108 3926 178 4007 quid
191 3929 260 3987 siin
275 3931 381 3986 itinere
399 3926 615 4007 aliquantisper
631 3938 764 3989 moretm
782 3925 851 3988 est‘l
874 3939 925 3987 ant
944 3926 1121 3988 Nicomedia
1139 3934 1208 4010 ipso

17 4026 20 4061 l
109 4012 153 4070 die
169 4014 404 4071 annuntiationis
417 4012 567 4091 profectus
581 4017 670 4073 tertio
684 4012 755 4073 inde
771 4012 822 4073 die
834 4011 947 4093 pascha
958 4014 1131 4074 celebrarit.

185 4098 341 4155 Postremo
363 4117 405 4155 ex
427 4096 476 4155 liis
498 4098 636 4157 omnibus
658 4103 936 4181 apparetuprimam
951 4102 1083 4160 Heraclii
1099 4102 1205 4180 profe-

17 4212 20 4235 .
108 4182 231 4241 ctionem
243 4184 275 4241 in
292 4184 444 4243 Orientem
458 4180 600 4242 accidisse
614 4203 642 4241 a.
656 4184 689 4242 c.
704 4188 784 4259 622,
806 4186 937 4243 Heraclii
950 4188 1006 4261 13,
1028 4183 1137 4245 lndict.
1151 4191 1203 4251 10.

183 4288 215 4346 p·
234 4270 271 4330 17
286 4286 316 4327 v·
334 4270 384 4333 19.
428 4262 548 4348 ἀπάρας
569 4264 620 4331 decl
639 4273 695 4332 soei
707 4263 876 4350 Εὐξείνου]
898 4268 1142 4352 prochronismos
1156 4282 1203 4330 est

17 4378 19 4405 ι
107 4370 132 4413 s.
153 4352 216 4415 fere
236 4354 339 4415 trima.
383 4372 461 4437 quse
479 4357 560 4419 enim
573 4365 740 4439 sequuntur
752 4375 817 4419 non
830 4358 978 4421 aanoillo
994 4376 1055 4440 quo
1067 4359 1202 4439 primurn
