3017 4900
345 403 405 470 DE
428 401 567 468 BELLO
589 400 774 468 svsluco
799 399 1014 469 nonium.
1154 401 1226 474 123

123 565 271 648 Agathias
292 567 329 628 de
344 587 436 648 regno
456 567 624 628 Iustiniani
640 565 694 626 lib.
713 565 750 641 5,
783 567 924 648 quicum
944 569 1071 628 llunnos
1092 566 1227 649 aliasque

124 654 265 712 barbaras
286 663 406 732 gentes,
443 672 572 734 quonam
592 654 675 712 varia
700 655 946 726 mutuamina,
983 655 1061 712 circa
1081 651 1226 732 paludem

123 737 306 798 Maeotidem
318 736 469 798 habitasse
484 735 679 812 adfirmasset,
695 739 754 796 eit:
771 727 855 802 odeas
870 733 905 801 dl
918 731 1051 812 baanae
1062 740 1153 822 κοινῇ
1168 734 1226 820 ple

124 819 249 886 Σκύθαι
261 821 311 884 esci
325 815 440 886 Οὖννοι
452 823 690 902 ἐπονομάζοντα

207 909 252 966 Ac
268 918 316 966 ter
336 907 460 990 quidem
472 911 599 966 Hunnos
618 909 650 965 in
667 907 872 965 Romanorum
891 903 1042 966 dicionem
1059 907 1225 988 inumpere

124 1004 244 1052 conatos
260 1013 325 1052 esse
339 993 509 1071 colligimus
522 1013 563 1050 ex
574 989 721 1065 historiis,
748 1000 779 1050 et
793 1001 860 1050 tum
874 989 998 1050 demum
1011 995 1043 1050 in
1056 994 1224 1066 Pannonia,

121 1097 200 1158 quae
216 1079 252 1136 ab
266 1080 341 1156 ipsis
354 1088 459 1156 postea
470 1079 624 1156 Hungaria
642 1075 720 1136 dicta
736 1085 799 1151 ast,
827 1079 996 1135 constitisse
1007 1075 1162 1156 proditum
1179 1086 1225 1136 est

123 1164 291 1243 aplurimis
307 1163 508 1240 scriptoribus.
549 1164 679 1242 primam
700 1159 826 1242 quidem
835 1164 1015 1220 Hunnorum
1036 1164 1225 1241 eruptionem
1250 1187 1264 1214 s

125 1251 164 1312 18
180 1267 258 1307 anno
273 1250 391 1332 imperii
406 1249 551 1323 Valentis,
573 1243 684 1306 Christi
700 1249 772 1320 876,
785 1248 898 1304 factam
915 1265 981 1306 essa
994 1244 1086 1306 tradit
1101 1248 1224 1305 Orosius

125 1330 178 1390 lib.
197 1336 217 1395 7
233 1335 266 1390 in
278 1342 355 1412 gest.
377 1332 523 1391 Valentis.
569 1331 782 1406 damnavero,
809 1350 888 1411 quse
908 1351 949 1390 ex
968 1351 1004 1390 aa
1024 1341 1126 1392 secuta
1141 1341 1222 1406 sunt,

124 1426 265 1476 enarrant
285 1425 403 1496 praeter
417 1419 556 1478 orosium
574 1427 676 1476 auctor
695 1415 766 1474 hiat.
783 1416 943 1474 Miscellue
957 1416 1011 1474 lib.
1032 1419 1073 1480 12
1088 1419 1122 1474 in
1141 1417 1226 1475 Gru·

124 1505 221 1572 teano,
243 1503 275 1562 S.
292 1505 493 1582 Hieronymus
507 1503 606 1580 Epist.
623 1504 656 1560 in
671 1498 804 1578 epitaph.
820 1500 978 1572 Fabiolae,
1006 1499 1225 1579 philostorgius

123 1589 144 1650 9
166 1593 223 1660 ¹7,
244 1589 364 1646 Priscus
377 1589 411 1644 in
425 1589 581 1664 Excerptea
592 1587 629 1644 de
643 1587 754 1665 Legat.
768 1607 807 1662 p.
824 1584 883 1661 47,
905 1587 1033 1668 aliique,
1055 1588 1108 1664 qui
1120 1604 1226 1644 omnes

124 1693 141 1728 e
150 1669 273 1750 Scythia
288 1691 423 1750 egressos
435 1673 577 1730 barbaros
588 1674 620 1730 in
634 1673 802 1728 maximam
808 1671 947 1750 Europae
961 1671 1127 1749 perniciem
1137 1672 1226 1728 liun-

122 1776 179 1815 nos
196 1757 395 1836 appellarunt.
439 1755 574 1816 eiusdem
591 1759 690 1835 gentis
709 1757 742 1814 in
763 1757 962 1814 conterminas
976 1757 1114 1834 regiones
1130 1757 1225 1814 altera

125 1844 282 1920 emigratio
296 1853 397 1901 secuta
411 1853 456 1902 est
469 1843 633 1900 iustiniano
651 1846 665 1904 1
682 1850 844 1918 regnante,
866 1860 945 1899 anno
960 1839 1100 1900 videlicet
1113 1837 1224 1899 Christi

125 1924 197 1990 564.
241 1947 275 1984 ac
289 1936 355 1986 turn
369 1925 493 2008 quidem
505 1927 620 2006 populi,
647 1927 699 2005 qui
713 1928 746 1983 in
761 1944 919 1984 commune
934 1927 1063 1983 exitium
1076 1927 1168 1984 exciti
1179 1935 1226 1984 tot

124 2012 204 2070 mala
216 2015 360 2071 Romanis
378 2013 466 2072 rebus
482 2013 654 2086 ettrslenmt,
668 2009 791 2070 Abares
803 2007 875 2068 dicti
887 2020 957 2069 sunt
967 2020 998 2068 et
1006 2011 1123 2069 Hunni
1132 2008 1225 2067 Aba·

124 2116 179 2154 rea.
225 2095 317 2156 fidem
331 2097 444 2155 faciunt
458 2093 664 2175 Theophanes
680 2093 719 2156 ad
733 2113 847 2153 annum
859 2097 943 2170 787,
963 2093 1031 2154 Ado
1045 2096 1225 2156 Viennensis

125 2200 176 2238 au.
187 2185 266 2256 879,
293 2184 440 2242 Aimanus
457 2182 654 2240 Floriecensis
674 2189 704 2238 et
728 2181 906 2258 Sigebertns
924 2181 959 2238 ia
982 2179 1149 2252 amanis,
1171 2181 1224 2261 qui

126 2285 230 2324 omnes
244 2267 356 2326 Abaras
374 2287 442 2326 cum
455 2269 574 2326 Hunnis
589 2262 794 2342 confundunt,
824 2285 936 2346 eosque
948 2267 1075 2324 Hunnos
1096 2275 1126 2322 et
1139 2266 1225 2322 Aba·

125 2370 173 2409 res
194 2352 287 2410 fuisse
309 2353 472 2432 appellatos
494 2362 595 2432 aperte
608 2361 768 2410 testantur.
809 2352 940 2409 nominis
955 2351 1171 2428 etymologiam
1183 2367 1224 2408 ax

123 2437 273 2495 Hebraica
289 2438 393 2516 lingua
414 2435 537 2519 quidam
560 2448 728 2517 repetentes
741 2435 856 2495 Absres
875 2433 959 2494 idam
973 2455 1039 2496 esse
1053 2436 1224 2509 voluerunt,

124 2542 160 2581 ac
175 2524 200 2580 si
217 2524 285 2603 quis
299 2542 349 2583 eos
357 2522 514 2603 palantes,
535 2542 629 2603 vagos
647 2532 676 2580 et
689 2518 861 2581 Nomadum
879 2540 964 2579 more
981 2530 1114 2579 arantes
1132 2531 1224 2600 atque

123 2606 184 2667 huc
206 2608 279 2667 illuc
302 2619 487 2667 nauseantes
508 2606 629 2667 diceret.
693 2606 747 2665 alii
778 2626 851 2665 vero
871 2604 1054 2665 contendunt
1074 2604 1224 2686 quosdam

124 2696 250 2751 Hunnos
263 2694 397 2753 Abacum
406 2696 529 2754 nomine
542 2694 709 2773 insignitos,
725 2688 807 2773 quod
818 2691 924 2751 robore
939 2692 1070 2771 corporis
1086 2699 1116 2749 et
1129 2692 1223 2749 animi

124 2776 298 2839 fortitudine
312 2783 418 2839 ceteris
431 2783 595 2854 anteirent,
619 2789 654 2838 ut
665 2780 760 2859 siquis
774 2776 909 2836 robustos
919 2776 1096 2857 validosque
1110 2787 1139 2833 et
1152 2774 1224 2834 bene

124 2862 281 2940 dispositos
292 2875 422 2923 vocaret.
465 2864 519 2924 sed
533 2867 662 2944 primam
673 2865 806 2922 nominis
819 2865 968 2941 originem
974 2859 1224 2941 Theophylactus

124 2948 286 3007 Simocatta
301 2954 321 3015 7
340 2952 360 3013 8
374 2946 492 3007 videtur
507 2949 642 3029 pmbare,
667 2947 769 3007 dicens
785 2950 929 3021 Hunnos,
948 2948 1003 3026 qui
1018 2956 1087 3025 post
1100 2946 1175 3004 alios
1191 2948 1225 3003 in

123 3034 277 3114 Europam
299 3035 511 3113 confugerant,
547 3034 682 3093 Aburum
705 3032 908 3112 appellatione
933 3032 1027 3089 fnisse
1050 3040 1223 3089 contentos:
1284 3038 1288 3046 '

123 3116 237 3201 λέγεται
249 3115 305 3202 yda
318 3118 352 3183 is·
368 3125 432 3195 τοῖς
447 3118 550 3183 ἔθνεσι
564 3124 626 3192 τοῖς
642 3120 811 3189 Σκυθικοῖς
826 3112 860 3180 sd
875 3119 938 3179 aas
949 3109 1088 3197 Ἀβᾶρων
1101 3112 1226 3177 iusim

122 3202 346 3286 ἔπρεχέστατον
367 3208 477 3282 φῦλον.
518 3202 628 3265 horum
653 3212 755 3261 autem
782 3199 847 3261 dux
864 3198 1024 3279 Chaganus
1051 3200 1222 3273 vocabatur,

123 3288 232 3348 eodem
246 3290 409 3367 Simocatta
428 3300 555 3349 testante
575 3288 690 3347 ibidem
712 3288 783 3346 illos
804 3288 887 3366 ipsos
907 3290 1035 3345 Hunnos
1054 3284 1170 3343 Ahares
1189 3304 1223 3343 se

124 3372 248 3449 dixisse,
263 3393 412 3456 suumque
427 3377 594 3454 principem
601 3372 780 3452 chaganum
793 3370 915 3431 honoris
928 3389 1016 3430 causa
1028 3372 1221 3429 nominasse:

125 3451 375 3543 οὖτοιἈβοίροος
389 3456 515 3533 icvsoa'c
528 3454 745 3540 ὀνομάσαντες,
771 3452 822 3519 τὸν
840 3452 976 3537 ἡγεμόνα
990 3458 1030 3539 τῇ
1045 3457 1101 3518 τοῦ
1120 3452 1224 3536 Χαγᾶ·

124 3565 183 3606 νου
197 3546 385 3630 προσηγορίᾳ
399 3538 610 3626 φαιδρῦνουσι.
655 3563 733 3602 anno
759 3540 889 3621 denique
901 3539 1011 3601 Christi
1028 3541 1091 3605 888
1110 3547 1140 3597 et
1159 3542 1222 3603 889

123 3630 229 3687 Hunni
255 3630 291 3687 ab
312 3626 469 3709 Amulpho
492 3632 567 3709 imp.
590 3628 760 3691 Occidentis
783 3636 886 3687 contra
908 3628 1099 3685 Moravorum
1119 3642 1224 3701 regem

121 3714 371 3795 Zwatapolugum
384 3715 508 3789 evocati,
531 3725 561 3772 ct
575 3734 592 3773 a
605 3717 708 3773 Leone
719 3709 899 3793 philosopho
913 3714 988 3790 imp.
1005 3710 1134 3771 Orientis
1147 3726 1221 3767 con-

121 3810 166 3859 tre
178 3800 326 3879 Bulgeros
341 3802 469 3876 invitati,
484 3798 618 3879 undique
632 3800 763 3857 collectis
775 3798 899 3871 visibus,
913 3796 1078 3855 multorum
1088 3793 1221 3851 millium

121 3904 265 3961 nurnero,
286 3888 439 3965 suppetias
450 3886 540 3944 laturi
553 3885 682 3945 libenter
696 3892 925 3942 concurrerunt:
947 3877 1002 3939 sed
1015 3898 1051 3937 ea
1064 3880 1219 3937 occasions

122 3982 240 4050 arrepta
261 3980 356 4029 totam
368 3971 556 4030 Pannoniam
576 3978 773 4048 occuparunt,
801 3986 880 4047 quae
893 3964 1033 4043 deinceps
1047 3966 1220 4042 ilungariae

121 4072 233 4112 nomen
255 4054 364 4135 adepta
388 4066 442 4115 est.
494 4064 626 4135 praestat
649 4051 767 4121 dehoc
784 4054 963 4109 Hunnorum
982 4048 1113 4108 adventu
1130 4051 1220 4108 tertio

122 4138 224 4216 legere
235 4138 444 4219 Rheginonem
456 4140 594 4198 abbatem
601 4140 810 4199 Prumiensem
820 4136 931 4194 Chmn.
947 4132 1001 4193 lib.
1011 4139 1043 4209 2,
1056 4136 1220 4214 Isuitpran-

122 4222 198 4281 dunt
219 4226 303 4281 Hist.
329 4224 366 4283 de
386 4224 447 4283 reb.
468 4226 583 4304 Erucp.
610 4222 664 4282 lib.
689 4229 723 4298 1,
753 4222 887 4281 Annales
909 4218 1075 4303 Fuldenses
1100 4230 1170 4277 tom.
1199 4220 1221 4280 2

126 4309 239 4387 Seript.
259 4307 329 4368 hiet.
351 4310 462 4367 blano.
484 4310 530 4369 ad
546 4331 576 4369 a.
597 4312 677 4383 892,
706 4306 875 4367 Cedrenum
896 4309 930 4365 ies
947 4304 1108 4383 Compend.
1130 4302 1220 4371 Μ,

122 4394 314 4474 sigebertum
331 4396 364 4453 s'n
382 4394 491 4455 Che-ors.
507 4395 552 4454 ud
561 4415 593 4453 u.
612 4398 685 4471 908,
706 4392 774 4453 lah.
787 4394 972 4453 Aventinum
988 4386 1109 4448 Amul.
1125 4386 1220 4445 Bois>-
