<?xml version="1.0" encoding="UTF-8"?>
<!DOCTYPE html PUBLIC "-//W3C//DTD XHTML 1.0 Transitional//EN"
    "http://www.w3.org/TR/xhtml1/DTD/xhtml1-transitional.dtd">
<html xmlns="http://www.w3.org/1999/xhtml" xml:lang="en" lang="en">
 <head>
  <title>
</title>
<meta http-equiv="Content-Type" content="text/html;charset=utf-8" />
  <meta name='ocr-system' content='tesseract 3.04.00' />
  <meta name='ocr-capabilities' content='ocr_page ocr_carea ocr_par ocr_line ocrx_word'/>
</head>
<body>
  <div class='ocr_page' id='page_1' title='image "./corpusscriptoru02unkngoog/corpusscriptoru02unkngoog_0484.png"; bbox 0 0 3017 4900; ppageno 0'>
   <div class='ocr_carea' id='block_1_1' title="bbox 235 424 1190 506">
    <p class='ocr_par' dir='ltr' id='par_1_1' title="bbox 235 424 1190 506">
     <span class='ocr_line' id='line_1_1' title="bbox 235 424 1190 506; baseline 0.013 -13"><span class='ocrx_word' id='word_1_1' title='bbox 235 426 293 493; x_wconf 84' lang='lat' dir='ltr'><strong><em>DE</em></strong></span> <span class='ocrx_word' id='word_1_2' title='bbox 317 424 455 494; x_wconf 85' lang='lat' dir='ltr'><strong>REBUS</strong></span> <span class='ocrx_word' id='word_1_3' title='bbox 478 424 590 499; x_wconf 86' lang='lat' dir='ltr'><strong>POST</strong></span> <span class='ocrx_word' id='word_1_4' title='bbox 614 424 856 496; x_wconf 71' lang='lat' dir='ltr'><strong>utrumnum</strong></span> <span class='ocrx_word' id='word_1_5' title='bbox 879 426 1038 499; x_wconf 76' lang='lat' dir='ltr'><strong>casua.</strong></span> <span class='ocrx_word' id='word_1_6' title='bbox 1140 434 1190 506; x_wconf 79' lang='lat'><strong><em>51</em></strong></span> 
     </span>
    </p>
   </div>
   <div class='ocr_carea' id='block_1_2' title="bbox 21 594 1279 2964">
    <p class='ocr_par' dir='ltr' id='par_1_2' title="bbox 55 594 1191 1000">
     <span class='ocr_line' id='line_1_2' title="bbox 55 594 1190 692; baseline 0.005 -27"><span class='ocrx_word' id='word_1_7' title='bbox 55 599 124 665; x_wconf 80' lang='grc' dir='ltr'><strong><em>καλ</em></strong></span> <span class='ocrx_word' id='word_1_8' title='bbox 146 594 241 665; x_wconf 79' lang='grc' dir='ltr'><strong><em>παισί</em></strong></span> <span class='ocrx_word' id='word_1_9' title='bbox 257 596 335 687; x_wconf 72' lang='grc' dir='ltr'><strong><em>πρὸς</em></strong></span> <span class='ocrx_word' id='word_1_10' title='bbox 349 596 563 665; x_wconf 82' lang='grc' dir='ltr'><strong><em>’Ῑουστιτιανδν</em></strong></span> <span class='ocrx_word' id='word_1_11' title='bbox 584 595 737 683; x_wconf 77' lang='grc' dir='ltr'><strong><em>έπεμιμεν,</em></strong></span> <span class='ocrx_word' id='word_1_12' title='bbox 752 595 878 677; x_wconf 72' lang='grc' dir='ltr'><strong><em>’ἄλλους</em></strong></span> <span class='ocrx_word' id='word_1_13' title='bbox 891 624 924 667; x_wconf 89' lang='grc' dir='ltr'><strong><em>τε</em></strong></span> <span class='ocrx_word' id='word_1_14' title='bbox 941 606 1003 668; x_wconf 72' lang='grc' dir='ltr'><strong><em>τοῖν</em></strong></span> <span class='ocrx_word' id='word_1_15' title='bbox 1017 601 1190 692; x_wconf 75' lang='grc' dir='ltr'><strong><em>προπινόν-</em></strong></span> 
     </span>
     <span class='ocr_line' id='line_1_3' title="bbox 55 700 1191 792; baseline 0.004 -23"><span class='ocrx_word' id='word_1_16' title='bbox 55 728 137 769; x_wconf 83' lang='grc' dir='ltr'><strong><em>των</em></strong></span> <span class='ocrx_word' id='word_1_17' title='bbox 158 705 328 788; x_wconf 82' lang='grc' dir='ltr'><strong><em>Χερσῶνος</em></strong></span> <span class='ocrx_word' id='word_1_18' title='bbox 343 700 457 789; x_wconf 83' lang='grc' dir='ltr'><strong><em>ίίνδρος</em></strong></span> <span class='ocrx_word' id='word_1_19' title='bbox 468 700 545 768; x_wconf 81' lang='grc' dir='ltr'><strong><em>ίπτδ</em></strong></span> <span class='ocrx_word' id='word_1_20' title='bbox 560 705 689 781; x_wconf 73' lang='grc' dir='ltr'><strong><em>ξυλίνοις</em></strong></span> <span class='ocrx_word' id='word_1_21' title='bbox 704 700 823 784; x_wconf 77' lang='grc' dir='ltr'><strong><em>όβελυΐς</em></strong></span> <span class='ocrx_word' id='word_1_22' title='bbox 833 703 1051 792; x_wconf 75' lang='grc' dir='ltr'><strong><em>προσαρτήσας</em></strong></span> <span class='ocrx_word' id='word_1_23' title='bbox 1063 708 1114 773; x_wconf 71' lang='lat' dir='ltr'><strong><em>snt</em></strong></span> <span class='ocrx_word' id='word_1_24' title='bbox 1129 735 1191 774; x_wconf 81' lang='grc' dir='ltr'><strong><em>πο-</em></strong></span> 
     </span>
     <span class='ocr_line' id='line_1_4' title="bbox 60 803 1190 894; baseline 0.007 -24"><span class='ocrx_word' id='word_1_25' title='bbox 60 804 132 891; x_wconf 86' lang='grc' dir='ltr'><strong><em>ρὸς</em></strong></span> <span class='ocrx_word' id='word_1_26' title='bbox 159 804 323 890; x_wconf 82' lang='grc' dir='ltr'><strong><em>διιόπτησε.</em></strong></span> <span class='ocrx_word' id='word_1_27' title='bbox 373 807 446 884; x_wconf 84' lang='grc' dir='ltr'><strong><em>τοδς</em></strong></span> <span class='ocrx_word' id='word_1_28' title='bbox 467 808 502 872; x_wconf 79' lang='grc' dir='ltr'><strong><em>δέ</em></strong></span> <span class='ocrx_word' id='word_1_29' title='bbox 515 812 577 872; x_wconf 80' lang='grc' dir='ltr'><strong><em>τῶν</em></strong></span> <span class='ocrx_word' id='word_1_30' title='bbox 593 803 702 894; x_wconf 71' lang='grc' dir='ltr'><strong><em>ἑτέρων</em></strong></span> <span class='ocrx_word' id='word_1_31' title='bbox 716 806 979 894; x_wconf 81' lang='grc' dir='ltr'><strong><em>προστατεόοιτας</em></strong></span> <span class='ocrx_word' id='word_1_32' title='bbox 993 808 1190 893; x_wconf 71' lang='grc' dir='ltr'><strong><em>πολισμάτων</em></strong></span> 
     </span>
     <span class='ocr_line' id='line_1_5' title="bbox 59 906 1191 1000; baseline 0.007 -27"><span class='ocrx_word' id='word_1_33' title='bbox 59 906 199 992; x_wconf 77' lang='grc' dir='ltr'><strong><em>ι’ίνδρας</em></strong></span> <span class='ocrx_word' id='word_1_34' title='bbox 215 907 287 995; x_wconf 78' lang='grc' dir='ltr'><strong><em>όχρι</em></strong></span> <span class='ocrx_word' id='word_1_35' title='bbox 304 910 355 975; x_wconf 76' lang='grc' dir='ltr'><strong><em>καὶ</em></strong></span> <span class='ocrx_word' id='word_1_36' title='bbox 373 914 416 986; x_wconf 82' lang='grc' dir='ltr'><strong><em>είς</em></strong></span> <span class='ocrx_word' id='word_1_37' title='bbox 431 907 525 976; x_wconf 78' lang='grc' dir='ltr'><strong><em>εἷ’κοοι</em></strong></span> <span class='ocrx_word' id='word_1_38' title='bbox 539 908 653 998; x_wconf 83' lang='grc' dir='ltr'><strong><em>όκατίρν</em></strong></span> <span class='ocrx_word' id='word_1_39' title='bbox 667 908 813 993; x_wconf 67' lang='grc' dir='ltr'><strong><em>ἐμβαλῶν</em></strong></span> <span class='ocrx_word' id='word_1_40' title='bbox 824 913 877 975; x_wconf 76' lang='grc' dir='ltr'><strong><em>καὶ</em></strong></span> <span class='ocrx_word' id='word_1_41' title='bbox 888 910 1068 1000; x_wconf 80' lang='grc' dir='ltr'><strong><em>προσδήσας</em></strong></span> <span class='ocrx_word' id='word_1_42' title='bbox 1082 918 1191 993; x_wconf 88' lang='grc' dir='ltr'><strong><em>λίθους</em></strong></span> 
     </span>
    </p>

    <p class='ocr_par' dir='ltr' id='par_1_3' title="bbox 26 1011 1279 1414">
     <span class='ocr_line' id='line_1_6' title="bbox 26 1011 1279 1102; baseline 0.006 -27"><span class='ocrx_word' id='word_1_43' title='bbox 26 1012 143 1093; x_wconf 78' lang='grc' dir='ltr'><strong><em>5[τε]</em></strong></span> <span class='ocrx_word' id='word_1_44' title='bbox 173 1011 274 1099; x_wconf 78' lang='grc' dir='ltr'><strong><em>τούτῳ</em></strong></span> <span class='ocrx_word' id='word_1_45' title='bbox 295 1013 453 1088; x_wconf 74' lang='grc' dir='ltr'><strong><em>πλείστους</em></strong></span> <span class='ocrx_word' id='word_1_46' title='bbox 474 1018 519 1101; x_wconf 78' lang='grc' dir='ltr'><strong><em>τῷ</em></strong></span> <span class='ocrx_word' id='word_1_47' title='bbox 536 1018 630 1102; x_wconf 71' lang='grc' dir='ltr'><strong><em>βυθῷ</em></strong></span> <span class='ocrx_word' id='word_1_48' title='bbox 648 1011 875 1100; x_wconf 58' lang='grc' dir='ltr'><strong><em>παραδέδυκεν.</em></strong></span> <span class='ocrx_word' id='word_1_49' title='bbox 922 1013 1135 1095; x_wconf 82' lang='grc' dir='ltr'><strong><em>Ἰουστινιανδς</em></strong></span> <span class='ocrx_word' id='word_1_50' title='bbox 1153 1020 1187 1086; x_wconf 81' lang='grc' dir='ltr'><strong><em>δέ</em></strong></span> <span class='ocrx_word' id='word_1_51' title='bbox 1202 1026 1226 1079; x_wconf 82' lang='grc' dir='ltr'><strong>Ρ</strong></span> <span class='ocrx_word' id='word_1_52' title='bbox 1243 1028 1279 1082; x_wconf 79' lang='lat'><strong><em>³0</em></strong></span> 
     </span>
     <span class='ocr_line' id='line_1_7' title="bbox 62 1112 1190 1206; baseline 0.009 -29"><span class='ocrx_word' id='word_1_53' title='bbox 62 1112 376 1202; x_wconf 75' lang='grc' dir='ltr'><strong><em>φιλανθρωπότερον</em></strong></span> <span class='ocrx_word' id='word_1_54' title='bbox 387 1114 441 1181; x_wconf 85' lang='grc' dir='ltr'><strong><em>τδυ</em></strong></span> <span class='ocrx_word' id='word_1_55' title='bbox 454 1116 611 1204; x_wconf 81' lang='grc' dir='ltr'><strong><em>Στέφανον</em></strong></span> <span class='ocrx_word' id='word_1_56' title='bbox 623 1117 806 1183; x_wconf 80' lang='grc' dir='ltr'><strong><em>διατεθέντα</em></strong></span> <span class='ocrx_word' id='word_1_57' title='bbox 818 1118 905 1206; x_wconf 69' lang='grc' dir='ltr'><strong><em>παρὰ</em></strong></span> <span class='ocrx_word' id='word_1_58' title='bbox 917 1117 957 1185; x_wconf 77' lang='grc' dir='ltr'><strong><em>τὰ</em></strong></span> <span class='ocrx_word' id='word_1_59' title='bbox 971 1121 1190 1206; x_wconf 72' lang='grc' dir='ltr'><strong><em>διατεταγμένα</em></strong></span> 
     </span>
     <span class='ocr_line' id='line_1_8' title="bbox 62 1214 1191 1312; baseline 0.009 -31"><span class='ocrx_word' id='word_1_60' title='bbox 62 1217 164 1305; x_wconf 74' lang='grc' dir='ltr'><strong><em>αὐτῷ</em></strong></span> <span class='ocrx_word' id='word_1_61' title='bbox 181 1220 311 1299; x_wconf 82' lang='grc' dir='ltr'><strong><em>νομίσας</em></strong></span> <span class='ocrx_word' id='word_1_62' title='bbox 326 1218 379 1285; x_wconf 78' lang='grc' dir='ltr'><strong><em>διδ</em></strong></span> <span class='ocrx_word' id='word_1_63' title='bbox 395 1219 452 1303; x_wconf 86' lang='grc' dir='ltr'><strong><em>τήν</em></strong></span> <span class='ocrx_word' id='word_1_64' title='bbox 465 1225 526 1287; x_wconf 79' lang='grc' dir='ltr'><strong><em>τῶν</em></strong></span> <span class='ocrx_word' id='word_1_65' title='bbox 543 1214 708 1307; x_wconf 79' lang='grc' dir='ltr'><strong><em>μειρακίων</em></strong></span> <span class='ocrx_word' id='word_1_66' title='bbox 724 1223 930 1307; x_wconf 75' lang='grc' dir='ltr'><strong><em>περαωίήσιν,</em></strong></span> <span class='ocrx_word' id='word_1_67' title='bbox 952 1222 1191 1312; x_wconf 76' lang='grc' dir='ltr'><strong><em>σπουδαιότερον</em></strong></span> 
     </span>
     <span class='ocr_line' id='line_1_9' title="bbox 63 1318 1189 1414; baseline 0.009 -30"><span class='ocrx_word' id='word_1_68' title='bbox 63 1318 241 1405; x_wconf 71' lang='grc' dir='ltr'><strong><em>ἐπανήκειν</em></strong></span> <span class='ocrx_word' id='word_1_69' title='bbox 254 1322 332 1408; x_wconf 79' lang='grc' dir='ltr'><strong><em>πρὸς</em></strong></span> <span class='ocrx_word' id='word_1_70' title='bbox 347 1321 440 1387; x_wconf 65' lang='lat' dir='ltr'><strong>atzar</strong></span> <span class='ocrx_word' id='word_1_71' title='bbox 455 1324 617 1390; x_wconf 77' lang='grc' dir='ltr'><strong><em>έκέλιοοεν.</em></strong></span> <span class='ocrx_word' id='word_1_72' title='bbox 653 1324 746 1403; x_wconf 81' lang='grc' dir='ltr'><strong><em>αότδς</em></strong></span> <span class='ocrx_word' id='word_1_73' title='bbox 758 1325 793 1391; x_wconf 80' lang='grc' dir='ltr'><strong><em>δέ</em></strong></span> <span class='ocrx_word' id='word_1_74' title='bbox 805 1326 885 1391; x_wconf 75' lang='grc' dir='ltr'><strong><em>κατὰ</em></strong></span> <span class='ocrx_word' id='word_1_75' title='bbox 897 1324 939 1391; x_wconf 74' lang='grc' dir='ltr'><strong><em>τό</em></strong></span> <span class='ocrx_word' id='word_1_76' title='bbox 952 1328 1189 1414; x_wconf 71' lang='grc' dir='ltr'><strong><em>προσταχθέντα</em></strong></span> 
     </span>
    </p>

    <p class='ocr_par' dir='ltr' id='par_1_4' title="bbox 22 1422 1189 1520">
     <span class='ocr_line' id='line_1_10' title="bbox 22 1422 1189 1520; baseline 0.007 -31"><span class='ocrx_word' id='word_1_77' title='bbox 22 1434 31 1448; x_wconf 85' lang='grc'><strong>’</strong></span> <span class='ocrx_word' id='word_1_78' title='bbox 64 1425 197 1489; x_wconf 74' lang='grc' dir='ltr'><strong><em>ἐκεῖθεν</em></strong></span> <span class='ocrx_word' id='word_1_79' title='bbox 220 1422 342 1511; x_wconf 80' lang='grc' dir='ltr'><strong><em>ἀπάρας</em></strong></span> <span class='ocrx_word' id='word_1_80' title='bbox 361 1426 459 1510; x_wconf 81' lang='grc' dir='ltr'><strong><em>μηνὸς</em></strong></span> <span class='ocrx_word' id='word_1_81' title='bbox 470 1426 658 1515; x_wconf 74' lang='grc' dir='ltr'><strong><em>Ὀκτωβρίου</em></strong></span> <span class='ocrx_word' id='word_1_82' title='bbox 676 1426 841 1512; x_wconf 78' lang='grc' dir='ltr'><strong><em>ίσταμίνου</em></strong></span> <span class='ocrx_word' id='word_1_83' title='bbox 855 1434 982 1513; x_wconf 78' lang='grc' dir='ltr'><strong><em>χειμῶνι</em></strong></span> <span class='ocrx_word' id='word_1_84' title='bbox 996 1428 1120 1520; x_wconf 73' lang='grc' dir='ltr'><strong><em>μεγάλῳ</em></strong></span> <span class='ocrx_word' id='word_1_85' title='bbox 1136 1434 1189 1497; x_wconf 74' lang='grc' dir='ltr'><strong><em>καί</em></strong></span> 
     </span>
    </p>

    <p class='ocr_par' dir='ltr' id='par_1_5' title="bbox 21 1526 1209 2033">
     <span class='ocr_line' id='line_1_11' title="bbox 21 1526 1187 1617; baseline 0.009 -28"><span class='ocrx_word' id='word_1_86' title='bbox 21 1534 58 1589; x_wconf 84' lang='grc'><strong><em>[0</em></strong></span> <span class='ocrx_word' id='word_1_87' title='bbox 67 1528 215 1615; x_wconf 82' lang='grc' dir='ltr'><strong><em>ναυαγίῳ</em></strong></span> <span class='ocrx_word' id='word_1_88' title='bbox 234 1530 417 1614; x_wconf 80' lang='grc' dir='ltr'><strong><em>περιπίπτει,</em></strong></span> <span class='ocrx_word' id='word_1_89' title='bbox 444 1533 487 1607; x_wconf 78' lang='grc' dir='ltr'><strong><em>είς</em></strong></span> <span class='ocrx_word' id='word_1_90' title='bbox 505 1539 585 1617; x_wconf 74' lang='grc' dir='ltr'><strong><em>τρεῖς</em></strong></span> <span class='ocrx_word' id='word_1_91' title='bbox 602 1535 653 1598; x_wconf 81' lang='grc' dir='ltr'><strong><em>καί</em></strong></span> <span class='ocrx_word' id='word_1_92' title='bbox 670 1526 882 1615; x_wconf 67' lang='grc' dir='ltr'><strong><em>ἑβδομήκοντα</em></strong></span> <span class='ocrx_word' id='word_1_93' title='bbox 893 1530 1038 1616; x_wconf 71' lang='grc' dir='ltr'><strong><em>χιλιάδας</em></strong></span> <span class='ocrx_word' id='word_1_94' title='bbox 1052 1542 1114 1599; x_wconf 79' lang='grc' dir='ltr'><strong><em>τῶν</em></strong></span> <span class='ocrx_word' id='word_1_95' title='bbox 1128 1560 1187 1601; x_wconf 88' lang='grc' dir='ltr'><strong><em>κα-</em></strong></span> 
     </span>
     <span class='ocr_line' id='line_1_12' title="bbox 66 1625 1187 1724; baseline 0.007 -29"><span class='ocrx_word' id='word_1_96' title='bbox 66 1632 343 1697; x_wconf 85' lang='grc' dir='ltr'><strong><em>ταποντισθέντιον</em></strong></span> <span class='ocrx_word' id='word_1_97' title='bbox 364 1632 619 1719; x_wconf 82' lang='grc' dir='ltr'><strong><em>ἀριθμηθέντων,</em></strong></span> <span class='ocrx_word' id='word_1_98' title='bbox 644 1625 687 1701; x_wconf 81' lang='grc' dir='ltr'><strong><em>ὧν</em></strong></span> <span class='ocrx_word' id='word_1_99' title='bbox 709 1635 750 1703; x_wconf 84' lang='grc' dir='ltr'><strong><em>τελ</em></strong></span> <span class='ocrx_word' id='word_1_100' title='bbox 771 1630 923 1717; x_wconf 78' lang='grc' dir='ltr'><strong><em>πτώματα</em></strong></span> <span class='ocrx_word' id='word_1_101' title='bbox 938 1634 1187 1724; x_wconf 78' lang='grc' dir='ltr'><strong><em>έξἍμόοτριδος</em></strong></span> 
     </span>
     <span class='ocr_line' id='line_1_13' title="bbox 68 1730 1187 1827; baseline 0.007 -30"><span class='ocrx_word' id='word_1_102' title='bbox 68 1730 197 1810; x_wconf 87' lang='grc' dir='ltr'><strong><em>πόλεως</em></strong></span> <span class='ocrx_word' id='word_1_103' title='bbox 218 1734 325 1821; x_wconf 83' lang='grc' dir='ltr'><strong><em>μέχρις</em></strong></span> <span class='ocrx_word' id='word_1_104' title='bbox 338 1731 524 1823; x_wconf 83' lang='grc' dir='ltr'><strong><em>Ἡρακλείας</em></strong></span> <span class='ocrx_word' id='word_1_105' title='bbox 543 1736 604 1803; x_wconf 73' lang='lat' dir='ltr'><strong>tut</strong></span> <span class='ocrx_word' id='word_1_106' title='bbox 624 1736 790 1822; x_wconf 77' lang='grc' dir='ltr'><strong><em>θαλάσσης</em></strong></span> <span class='ocrx_word' id='word_1_107' title='bbox 806 1736 1015 1825; x_wconf 78' lang='grc' dir='ltr'><strong><em>ἀπερρίπτετο.</em></strong></span> <span class='ocrx_word' id='word_1_108' title='bbox 1067 1740 1122 1827; x_wconf 76' lang='lat' dir='ltr'><strong><em>tp’</em></strong></span> <span class='ocrx_word' id='word_1_109' title='bbox 1139 1736 1187 1819; x_wconf 75' lang='grc' dir='ltr'><strong><em>οἷς</em></strong></span> 
     </span>
     <span class='ocr_line' id='line_1_14' title="bbox 71 1836 1186 1928; baseline 0.006 -27"><span class='ocrx_word' id='word_1_110' title='bbox 71 1836 111 1901; x_wconf 84' lang='grc' dir='ltr'><strong><em>οό</em></strong></span> <span class='ocrx_word' id='word_1_111' title='bbox 136 1840 289 1921; x_wconf 82' lang='grc' dir='ltr'><strong><em>λυπηθείς</em></strong></span> <span class='ocrx_word' id='word_1_112' title='bbox 309 1837 388 1903; x_wconf 75' lang='grc' dir='ltr'><strong><em>ἀλλὰ</em></strong></span> <span class='ocrx_word' id='word_1_113' title='bbox 409 1840 478 1905; x_wconf 88' lang='grc' dir='ltr'><strong><em>λίαν</em></strong></span> <span class='ocrx_word' id='word_1_114' title='bbox 498 1842 663 1928; x_wconf 80' lang='grc' dir='ltr'><strong><em>περιχαρής</em></strong></span> <span class='ocrx_word' id='word_1_115' title='bbox 686 1838 846 1927; x_wconf 73' lang='grc' dir='ltr'><strong><em>γενόμενος</em></strong></span> <span class='ocrx_word' id='word_1_116' title='bbox 862 1840 1074 1921; x_wconf 83' lang='grc' dir='ltr'><strong><em>Ἰουστινιανδς</em></strong></span> <span class='ocrx_word' id='word_1_117' title='bbox 1093 1840 1186 1908; x_wconf 83' lang='grc' dir='ltr'><strong><em>πόλιν</em></strong></span> 
     </span>
     <span class='ocr_line' id='line_1_15' title="bbox 73 1936 1209 2033; baseline 0.004 -28"><span class='ocrx_word' id='word_1_118' title='bbox 73 1936 223 2021; x_wconf 84' lang='grc' dir='ltr'><strong><em>βοόλεται</em></strong></span> <span class='ocrx_word' id='word_1_119' title='bbox 243 1941 344 2027; x_wconf 69' lang='grc' dir='ltr'><strong><em>ἕτερον</em></strong></span> <span class='ocrx_word' id='word_1_120' title='bbox 359 1942 451 2011; x_wconf 81' lang='grc' dir='ltr'><strong><em>έκείοε</em></strong></span> <span class='ocrx_word' id='word_1_121' title='bbox 466 1943 625 2027; x_wconf 71' lang='grc' dir='ltr'><strong><em>ἐκπέμπειν</em></strong></span> <span class='ocrx_word' id='word_1_122' title='bbox 638 1942 758 2011; x_wconf 86' lang='grc' dir='ltr'><strong><em>στόλον.</em></strong></span> <span class='ocrx_word' id='word_1_123' title='bbox 809 1944 839 2009; x_wconf 77' lang='grc' dir='ltr'><strong><em>ολ</em></strong></span> <span class='ocrx_word' id='word_1_124' title='bbox 857 1946 892 2011; x_wconf 81' lang='grc' dir='ltr'><strong><em>δέ</em></strong></span> <span class='ocrx_word' id='word_1_125' title='bbox 911 1951 974 2011; x_wconf 79' lang='grc' dir='ltr'><strong><em>τῶν</em></strong></span> <span class='ocrx_word' id='word_1_126' title='bbox 984 1952 1097 2033; x_wconf 82' lang='grc' dir='ltr'><strong><em>χωρῶν</em></strong></span> <span class='ocrx_word' id='word_1_127' title='bbox 1113 1944 1186 2012; x_wconf 89' lang='grc' dir='ltr'><strong><em>τσό-</em></strong></span> <span class='ocrx_word' id='word_1_128' title='bbox 1204 2001 1209 2009; x_wconf 93' lang='grc'><strong>.</strong></span> 
     </span>
    </p>

    <p class='ocr_par' dir='ltr' id='par_1_6' title="bbox 25 2040 1223 2241">
     <span class='ocr_line' id='line_1_16' title="bbox 25 2040 1186 2136; baseline 0.008 -30"><span class='ocrx_word' id='word_1_129' title='bbox 25 2051 66 2107; x_wconf 83' lang='grc'><strong><em>15</em></strong></span> <span class='ocrx_word' id='word_1_130' title='bbox 76 2067 140 2108; x_wconf 88' lang='grc' dir='ltr'><strong><em>των</em></strong></span> <span class='ocrx_word' id='word_1_131' title='bbox 155 2040 300 2130; x_wconf 84' lang='grc' dir='ltr'><strong><em>ι’ίρχονιες</em></strong></span> <span class='ocrx_word' id='word_1_132' title='bbox 311 2052 367 2129; x_wconf 82' lang='grc' dir='ltr'><strong><em>τῆς</em></strong></span> <span class='ocrx_word' id='word_1_133' title='bbox 380 2043 487 2133; x_wconf 81' lang='grc' dir='ltr'><strong><em>φήμης</em></strong></span> <span class='ocrx_word' id='word_1_134' title='bbox 499 2043 679 2132; x_wconf 80' lang='grc' dir='ltr'><strong><em>αίσθόμενοι</em></strong></span> <span class='ocrx_word' id='word_1_135' title='bbox 692 2045 822 2124; x_wconf 82' lang='grc' dir='ltr'><strong><em>έαντοδς</em></strong></span> <span class='ocrx_word' id='word_1_136' title='bbox 832 2044 890 2133; x_wconf 82' lang='grc' dir='ltr'><strong><em>δση</em></strong></span> <span class='ocrx_word' id='word_1_137' title='bbox 905 2044 1037 2130; x_wconf 87' lang='grc' dir='ltr'><strong><em>δόναμις</em></strong></span> <span class='ocrx_word' id='word_1_138' title='bbox 1050 2048 1186 2136; x_wconf 76' lang='grc' dir='ltr'><strong><em>ἠσφαλί-</em></strong></span> 
     </span>
     <span class='ocr_line' id='line_1_17' title="bbox 77 2146 1223 2241; baseline 0.01 -32"><span class='ocrx_word' id='word_1_139' title='bbox 77 2148 165 2226; x_wconf 86' lang='grc' dir='ltr'><strong><em>ζοντο</em></strong></span> <span class='ocrx_word' id='word_1_140' title='bbox 173 2194 184 2225; x_wconf 86' lang='lat'><strong><em>,</em></strong></span> <span class='ocrx_word' id='word_1_141' title='bbox 209 2146 286 2233; x_wconf 85' lang='grc' dir='ltr'><strong><em>πρὸς</em></strong></span> <span class='ocrx_word' id='word_1_142' title='bbox 297 2148 330 2213; x_wconf 81' lang='grc' dir='ltr'><strong><em>δέ</em></strong></span> <span class='ocrx_word' id='word_1_143' title='bbox 342 2150 415 2227; x_wconf 73' lang='grc' dir='ltr'><strong><em>τοὺς</em></strong></span> <span class='ocrx_word' id='word_1_144' title='bbox 428 2149 594 2239; x_wconf 82' lang='grc' dir='ltr'><strong><em>Χαζόρους</em></strong></span> <span class='ocrx_word' id='word_1_145' title='bbox 608 2148 877 2239; x_wconf 79' lang='grc' dir='ltr'><strong><em>διαπρεσβεόονται</em></strong></span> <span class='ocrx_word' id='word_1_146' title='bbox 887 2149 967 2217; x_wconf 74' lang='grc' dir='ltr'><strong><em>ὥστε</em></strong></span> <span class='ocrx_word' id='word_1_147' title='bbox 982 2153 1030 2217; x_wconf 69' lang='lat' dir='ltr'><strong>tui</strong></span> <span class='ocrx_word' id='word_1_148' title='bbox 1044 2153 1184 2241; x_wconf 82' lang='grc' dir='ltr'><strong><em>φυλακήν</em></strong></span> <span class='ocrx_word' id='word_1_149' title='bbox 1199 2165 1223 2221; x_wconf 88' lang='grc' dir='ltr'><strong>Β</strong></span> 
     </span>
    </p>

    <p class='ocr_par' dir='ltr' id='par_1_7' title="bbox 21 2246 1184 2342">
     <span class='ocr_line' id='line_1_18' title="bbox 21 2246 1184 2342; baseline 0.005 -29"><span class='ocrx_word' id='word_1_150' title='bbox 21 2310 22 2313; x_wconf 74' lang='grc'>,</span> <span class='ocrx_word' id='word_1_151' title='bbox 76 2246 195 2315; x_wconf 66' lang='lat' dir='ltr'><strong>vositum</strong></span> <span class='ocrx_word' id='word_1_152' title='bbox 221 2250 297 2317; x_wconf 84' lang='grc' dir='ltr'><strong><em>λοδν</em></strong></span> <span class='ocrx_word' id='word_1_153' title='bbox 320 2246 513 2319; x_wconf 69' lang='grc' dir='ltr'><strong><em>ἀποστέλλειν</em></strong></span> <span class='ocrx_word' id='word_1_154' title='bbox 535 2257 586 2321; x_wconf 79' lang='grc' dir='ltr'><strong><em>καί</em></strong></span> <span class='ocrx_word' id='word_1_155' title='bbox 604 2251 780 2342; x_wconf 79' lang='grc' dir='ltr'><strong><em>περισώζειν</em></strong></span> <span class='ocrx_word' id='word_1_156' title='bbox 795 2254 870 2331; x_wconf 76' lang='grc' dir='ltr'><strong><em>τοδς</em></strong></span> <span class='ocrx_word' id='word_1_157' title='bbox 885 2255 918 2320; x_wconf 77' lang='grc' dir='ltr'><strong><em>έν</em></strong></span> <span class='ocrx_word' id='word_1_158' title='bbox 936 2252 1041 2332; x_wconf 65' lang='grc' dir='ltr'><strong><em>αἰετοῖς</em></strong></span> <span class='ocrx_word' id='word_1_159' title='bbox 1053 2262 1184 2342; x_wconf 85' lang='grc' dir='ltr'><strong><em>περιλει-</em></strong></span> 
     </span>
    </p>

    <p class='ocr_par' dir='ltr' id='par_1_8' title="bbox 21 2353 1184 2448">
     <span class='ocr_line' id='line_1_19' title="bbox 21 2353 1184 2448; baseline 0.003 -29"><span class='ocrx_word' id='word_1_160' title='bbox 21 2414 22 2419; x_wconf 73' lang='grc'>,</span> <span class='ocrx_word' id='word_1_161' title='bbox 79 2353 227 2441; x_wconf 79' lang='grc' dir='ltr'><strong><em>φθέντας.</em></strong></span> <span class='ocrx_word' id='word_1_162' title='bbox 277 2362 374 2421; x_wconf 80' lang='grc' dir='ltr'><strong><em>ταῦτα</em></strong></span> <span class='ocrx_word' id='word_1_163' title='bbox 394 2356 605 2435; x_wconf 82' lang='grc' dir='ltr'><strong><em>Ἰουοτινιοινδς</em></strong></span> <span class='ocrx_word' id='word_1_164' title='bbox 624 2358 815 2443; x_wconf 71' lang='grc' dir='ltr'><strong><em>μεμαθηκὼς</em></strong></span> <span class='ocrx_word' id='word_1_165' title='bbox 832 2359 865 2421; x_wconf 94' lang='grc' dir='ltr'>Γ</span> <span class='ocrx_word' id='word_1_166' title='bbox 860 2354 987 2444; x_wconf 82' lang='grc' dir='ltr'><strong><em>ειόργιον</em></strong></span> <span class='ocrx_word' id='word_1_167' title='bbox 1001 2356 1056 2422; x_wconf 82' lang='grc' dir='ltr'><strong><em>τδν</em></strong></span> <span class='ocrx_word' id='word_1_168' title='bbox 1073 2360 1184 2448; x_wconf 85' lang='grc' dir='ltr'><strong><em>πατρί-</em></strong></span> 
     </span>
    </p>

    <p class='ocr_par' dir='ltr' id='par_1_9' title="bbox 21 2457 1185 2549">
     <span class='ocr_line' id='line_1_20' title="bbox 21 2457 1185 2549; baseline 0.008 -33"><span class='ocrx_word' id='word_1_169' title='bbox 21 2491 23 2516; x_wconf 84' lang='grc'><em>;</em></span> <span class='ocrx_word' id='word_1_170' title='bbox 80 2481 146 2522; x_wconf 86' lang='grc' dir='ltr'><strong><em>κιον</em></strong></span> <span class='ocrx_word' id='word_1_171' title='bbox 165 2457 339 2526; x_wconf 77' lang='grc' dir='ltr'><strong><em>ἀποστέλλει</em></strong></span> <span class='ocrx_word' id='word_1_172' title='bbox 358 2464 408 2526; x_wconf 85' lang='grc' dir='ltr'><strong><em>καί</em></strong></span> <span class='ocrx_word' id='word_1_173' title='bbox 421 2461 563 2547; x_wconf 68' lang='lat' dir='ltr'><strong>&#39;inciam</strong></span> <span class='ocrx_word' id='word_1_174' title='bbox 575 2461 629 2527; x_wconf 85' lang='grc' dir='ltr'><strong><em>τδν</em></strong></span> <span class='ocrx_word' id='word_1_175' title='bbox 638 2457 700 2545; x_wconf 73' lang='grc' dir='ltr'><strong><em>’τῆς</em></strong></span> <span class='ocrx_word' id='word_1_176' title='bbox 713 2460 832 2538; x_wconf 77' lang='grc' dir='ltr'><strong><em>πόλεως</em></strong></span> <span class='ocrx_word' id='word_1_177' title='bbox 843 2460 982 2549; x_wconf 72' lang='grc' dir='ltr'><strong><em>ὕπαρχον</em></strong></span> <span class='ocrx_word' id='word_1_178' title='bbox 996 2459 1054 2531; x_wconf 71' lang='lat' dir='ltr'><strong>cain</strong></span> <span class='ocrx_word' id='word_1_179' title='bbox 1070 2459 1185 2549; x_wconf 75' lang='grc' dir='ltr'><strong><em>ἑτέροις</em></strong></span> 
     </span>
    </p>

    <p class='ocr_par' dir='ltr' id='par_1_10' title="bbox 21 2559 1185 2652">
     <span class='ocr_line' id='line_1_21' title="bbox 21 2559 1185 2652; baseline 0.007 -30"><span class='ocrx_word' id='word_1_180' title='bbox 21 2559 210 2646; x_wconf 53' lang='grc' dir='ltr'><strong><em>1Ξίλόρχουσι</em></strong></span> <span class='ocrx_word' id='word_1_181' title='bbox 229 2563 278 2628; x_wconf 84' lang='grc' dir='ltr'><strong><em>καί</em></strong></span> <span class='ocrx_word' id='word_1_182' title='bbox 298 2571 421 2652; x_wconf 78' lang='grc' dir='ltr'><strong><em>στρατῷ</em></strong></span> <span class='ocrx_word' id='word_1_183' title='bbox 442 2563 514 2652; x_wconf 72' lang='grc' dir='ltr'><strong><em>ἄχρι</em></strong></span> <span class='ocrx_word' id='word_1_184' title='bbox 536 2566 718 2648; x_wconf 80' lang='grc' dir='ltr'><strong><em>τριακοσίων</em></strong></span> <span class='ocrx_word' id='word_1_185' title='bbox 738 2563 877 2650; x_wconf 67' lang='grc' dir='ltr'><strong><em>ἀνδρῶν,</em></strong></span> <span class='ocrx_word' id='word_1_186' title='bbox 902 2563 1063 2652; x_wconf 68' lang='grc' dir='ltr'><strong><em>παραδοὺς</em></strong></span> <span class='ocrx_word' id='word_1_187' title='bbox 1079 2565 1185 2642; x_wconf 83' lang='grc' dir='ltr'><strong><em>αδτοῖς</em></strong></span> 
     </span>
    </p>

    <p class='ocr_par' dir='ltr' id='par_1_11' title="bbox 22 2657 1184 2964">
     <span class='ocr_line' id='line_1_22' title="bbox 22 2657 1184 2750; baseline 0.003 -20"><span class='ocrx_word' id='word_1_188' title='bbox 22 2727 23 2730; x_wconf 74' lang='grc'>,</span> <span class='ocrx_word' id='word_1_189' title='bbox 82 2663 134 2729; x_wconf 80' lang='grc' dir='ltr'><strong><em>τόν</em></strong></span> <span class='ocrx_word' id='word_1_190' title='bbox 147 2657 266 2730; x_wconf 82' lang='grc' dir='ltr'><strong><em>Δόῦνον</em></strong></span> <span class='ocrx_word' id='word_1_191' title='bbox 280 2669 330 2734; x_wconf 81' lang='grc' dir='ltr'><strong><em>καί</em></strong></span> <span class='ocrx_word' id='word_1_192' title='bbox 345 2673 476 2747; x_wconf 69' lang='grc' dir='ltr'><strong><em>Ζωΐλον,</em></strong></span> <span class='ocrx_word' id='word_1_193' title='bbox 502 2666 580 2734; x_wconf 81' lang='grc' dir='ltr'><strong><em>ὥστε</em></strong></span> <span class='ocrx_word' id='word_1_194' title='bbox 594 2667 845 2750; x_wconf 67' lang='grc' dir='ltr'><strong><em>ἀποκαταστῆσαι</em></strong></span> <span class='ocrx_word' id='word_1_195' title='bbox 858 2666 972 2744; x_wconf 79' lang='grc' dir='ltr'><strong><em>αότοδς</em></strong></span> <span class='ocrx_word' id='word_1_196' title='bbox 983 2677 1051 2745; x_wconf 80' lang='grc' dir='ltr'><strong><em>ταῖς</em></strong></span> <span class='ocrx_word' id='word_1_197' title='bbox 1061 2669 1184 2746; x_wconf 83' lang='grc' dir='ltr'><strong><em>οίκείαις</em></strong></span> 
     </span>
     <span class='ocr_line' id='line_1_23' title="bbox 83 2767 1183 2858; baseline 0.005 -28"><span class='ocrx_word' id='word_1_198' title='bbox 83 2767 189 2854; x_wconf 75' lang='grc' dir='ltr'><strong><em>ἀρχαῖς</em></strong></span> <span class='ocrx_word' id='word_1_199' title='bbox 195 2817 205 2845; x_wconf 85' lang='lat'><em>,</em></span> <span class='ocrx_word' id='word_1_200' title='bbox 227 2767 338 2833; x_wconf 85' lang='grc' dir='ltr'><strong><em>Ἠλίαν</em></strong></span> <span class='ocrx_word' id='word_1_201' title='bbox 353 2772 387 2835; x_wconf 81' lang='grc' dir='ltr'><strong><em>δέ</em></strong></span> <span class='ocrx_word' id='word_1_202' title='bbox 401 2769 523 2856; x_wconf 77' lang='grc' dir='ltr'><strong><em>όγαγεΐν</em></strong></span> <span class='ocrx_word' id='word_1_203' title='bbox 537 2768 580 2849; x_wconf 78' lang='grc' dir='ltr'><strong><em>ὡς</em></strong></span> <span class='ocrx_word' id='word_1_204' title='bbox 594 2769 696 2839; x_wconf 74' lang='grc' dir='ltr'><strong><em>αὐτόν.</em></strong></span> <span class='ocrx_word' id='word_1_205' title='bbox 747 2767 864 2837; x_wconf 84' lang='grc' dir='ltr'><strong><em>τοότων</em></strong></span> <span class='ocrx_word' id='word_1_206' title='bbox 876 2771 909 2836; x_wconf 77' lang='grc' dir='ltr'><strong><em>έν</em></strong></span> <span class='ocrx_word' id='word_1_207' title='bbox 922 2774 1066 2858; x_wconf 83' lang='grc' dir='ltr'><strong><em>Χερσῶνι</em></strong></span> <span class='ocrx_word' id='word_1_208' title='bbox 1079 2797 1183 2858; x_wconf 84' lang='grc' dir='ltr'><strong><em>παρα·</em></strong></span> 
     </span>
     <span class='ocr_line' id='line_1_24' title="bbox 83 2869 1183 2964; baseline 0.007 -31"><span class='ocrx_word' id='word_1_209' title='bbox 83 2871 245 2956; x_wconf 73' lang='grc' dir='ltr'><strong><em>γενομένων</em></strong></span> <span class='ocrx_word' id='word_1_210' title='bbox 271 2869 300 2938; x_wconf 80' lang='lat' dir='ltr'><strong>ot</strong></span> <span class='ocrx_word' id='word_1_211' title='bbox 323 2877 378 2955; x_wconf 86' lang='grc' dir='ltr'><strong><em>τής</em></strong></span> <span class='ocrx_word' id='word_1_212' title='bbox 391 2870 508 2950; x_wconf 84' lang='grc' dir='ltr'><strong><em>πόλεως</em></strong></span> <span class='ocrx_word' id='word_1_213' title='bbox 522 2873 618 2956; x_wconf 87' lang='grc' dir='ltr'><strong><em>μόνον</em></strong></span> <span class='ocrx_word' id='word_1_214' title='bbox 633 2879 662 2938; x_wconf 92' lang='grc' dir='ltr'>Γ</span> <span class='ocrx_word' id='word_1_215' title='bbox 660 2871 785 2960; x_wconf 70' lang='grc' dir='ltr'><strong><em>ειόργιον</em></strong></span> <span class='ocrx_word' id='word_1_216' title='bbox 797 2873 935 2950; x_wconf 71' lang='grc' dir='ltr'><strong><em>καὶτοὺς</em></strong></span> <span class='ocrx_word' id='word_1_217' title='bbox 950 2874 1008 2940; x_wconf 71' lang='lat' dir='ltr'><strong><em>atr</em></strong></span> <span class='ocrx_word' id='word_1_218' title='bbox 1023 2873 1108 2964; x_wconf 74' lang='grc' dir='ltr'><strong><em>αὐτῷ</em></strong></span> <span class='ocrx_word' id='word_1_219' title='bbox 1123 2874 1183 2962; x_wconf 86' lang='grc' dir='ltr'><strong><em>ι’ίρ-</em></strong></span> 
     </span>
    </p>
   </div>
   <div class='ocr_carea' id='block_1_3' title="bbox 151 3043 374 3117">
    <p class='ocr_par' dir='ltr' id='par_1_12' title="bbox 151 3043 374 3117">
     <span class='ocr_line' id='line_1_25' title="bbox 151 3043 374 3117; baseline -0.013 -14"><span class='ocrx_word' id='word_1_220' title='bbox 151 3048 183 3103; x_wconf 87' lang='grc'><strong><em>16</em></strong></span> <span class='ocrx_word' id='word_1_221' title='bbox 199 3043 338 3117; x_wconf 73' lang='grc' dir='ltr'><strong><em>Χαζοίρεις</em></strong></span> <span class='ocrx_word' id='word_1_222' title='bbox 351 3048 374 3101; x_wconf 84' lang='grc' dir='ltr'><strong>Ρ</strong></span> 
     </span>
    </p>
   </div>
   <div class='ocr_carea' id='block_1_4' title="bbox 84 3199 1183 3550">
    <p class='ocr_par' dir='ltr' id='par_1_13' title="bbox 84 3199 1183 3550">
     <span class='ocr_line' id='line_1_26' title="bbox 84 3199 1183 3269; baseline 0 -13"><span class='ocrx_word' id='word_1_223' title='bbox 84 3215 141 3256; x_wconf 86' lang='lat' dir='ltr'><strong><em>¹cum</em></strong></span> <span class='ocrx_word' id='word_1_224' title='bbox 158 3201 283 3256; x_wconf 81' lang='lat' dir='ltr'><strong>uxoribus</strong></span> <span class='ocrx_word' id='word_1_225' title='bbox 299 3205 326 3255; x_wconf 86' lang='lat' dir='ltr'><strong>et</strong></span> <span class='ocrx_word' id='word_1_226' title='bbox 342 3199 434 3256; x_wconf 83' lang='lat' dir='ltr'><strong>liberis</strong></span> <span class='ocrx_word' id='word_1_227' title='bbox 448 3202 554 3258; x_wconf 76' lang='lat' dir='ltr'><strong>vinctos</strong></span> <span class='ocrx_word' id='word_1_228' title='bbox 577 3204 612 3258; x_wconf 81' lang='lat' dir='ltr'><strong><em>ad</em></strong></span> <span class='ocrx_word' id='word_1_229' title='bbox 632 3201 805 3257; x_wconf 85' lang='lat' dir='ltr'><strong>Iustinianum</strong></span> <span class='ocrx_word' id='word_1_230' title='bbox 821 3199 916 3269; x_wconf 84' lang='lat' dir='ltr'><strong>mittit,</strong></span> <span class='ocrx_word' id='word_1_231' title='bbox 940 3201 1007 3255; x_wconf 81' lang='lat' dir='ltr'><strong>atim</strong></span> <span class='ocrx_word' id='word_1_232' title='bbox 1028 3201 1183 3256; x_wconf 81' lang='lat' dir='ltr'><strong>Oberaonae</strong></span> 
     </span>
     <span class='ocr_line' id='line_1_27' title="bbox 88 3271 1179 3344; baseline -0.001 -19"><span class='ocrx_word' id='word_1_233' title='bbox 88 3271 159 3325; x_wconf 81' lang='lat' dir='ltr'><strong>tacite</strong></span> <span class='ocrx_word' id='word_1_234' title='bbox 177 3271 311 3344; x_wconf 84' lang='lat' dir='ltr'><strong>principes</strong></span> <span class='ocrx_word' id='word_1_235' title='bbox 331 3287 439 3326; x_wconf 86' lang='lat' dir='ltr'><strong>numero</strong></span> <span class='ocrx_word' id='word_1_236' title='bbox 456 3282 557 3343; x_wconf 86' lang='lat' dir='ltr'><strong>septem</strong></span> <span class='ocrx_word' id='word_1_237' title='bbox 573 3272 669 3344; x_wconf 75' lang='lat' dir='ltr'><strong>ligneis</strong></span> <span class='ocrx_word' id='word_1_238' title='bbox 688 3275 805 3326; x_wconf 82' lang='lat' dir='ltr'><strong>verubus</strong></span> <span class='ocrx_word' id='word_1_239' title='bbox 822 3271 932 3342; x_wconf 79' lang='lat' dir='ltr'><strong>attiguus</strong></span> <span class='ocrx_word' id='word_1_240' title='bbox 949 3271 1087 3340; x_wconf 77' lang='lat' dir='ltr'><strong>caligmem</strong></span> <span class='ocrx_word' id='word_1_241' title='bbox 1105 3289 1179 3324; x_wconf 83' lang='lat' dir='ltr'><strong>aasa-</strong></span> 
     </span>
     <span class='ocr_line' id='line_1_28' title="bbox 89 3340 1179 3412; baseline 0 -18"><span class='ocrx_word' id='word_1_242' title='bbox 89 3341 133 3394; x_wconf 80' lang='lat' dir='ltr'><strong>vit.</strong></span> <span class='ocrx_word' id='word_1_243' title='bbox 165 3347 309 3396; x_wconf 83' lang='lat' dir='ltr'><strong>ceterarum</strong></span> <span class='ocrx_word' id='word_1_244' title='bbox 331 3357 412 3412; x_wconf 86' lang='lat' dir='ltr'><strong>porro</strong></span> <span class='ocrx_word' id='word_1_245' title='bbox 427 3341 529 3396; x_wconf 89' lang='lat' dir='ltr'><strong>urbium</strong></span> <span class='ocrx_word' id='word_1_246' title='bbox 564 3343 675 3396; x_wconf 86' lang='lat' dir='ltr'><strong>rimores</strong></span> <span class='ocrx_word' id='word_1_247' title='bbox 692 3343 726 3396; x_wconf 89' lang='lat' dir='ltr'><strong><em>ad</em></strong></span> <span class='ocrx_word' id='word_1_248' title='bbox 742 3341 839 3410; x_wconf 77' lang='lat' dir='ltr'><strong>viginti</strong></span> <span class='ocrx_word' id='word_1_249' title='bbox 854 3343 939 3393; x_wconf 79' lang='lat' dir='ltr'><strong>fernae</strong></span> <span class='ocrx_word' id='word_1_250' title='bbox 956 3340 984 3393; x_wconf 89' lang='lat' dir='ltr'><strong><em>iu</em></strong></span> <span class='ocrx_word' id='word_1_251' title='bbox 1001 3340 1112 3394; x_wconf 81' lang='lat' dir='ltr'><strong>lembum</strong></span> <span class='ocrx_word' id='word_1_252' title='bbox 1128 3340 1179 3394; x_wconf 90' lang='lat' dir='ltr'><strong><em>im·</em></strong></span> 
     </span>
     <span class='ocr_line' id='line_1_29' title="bbox 89 3409 1182 3482; baseline 0.001 -20"><span class='ocrx_word' id='word_1_253' title='bbox 89 3427 180 3482; x_wconf 85' lang='lat' dir='ltr'><strong>ponens</strong></span> <span class='ocrx_word' id='word_1_254' title='bbox 198 3411 362 3479; x_wconf 64' lang='lat' dir='ltr'><strong>attingentes</strong></span> <span class='ocrx_word' id='word_1_255' title='bbox 378 3427 411 3464; x_wconf 79' lang='lat' dir='ltr'><strong><em>ex</em></strong></span> <span class='ocrx_word' id='word_1_256' title='bbox 428 3427 460 3464; x_wconf 89' lang='lat' dir='ltr'><strong><em>eo</em></strong></span> <span class='ocrx_word' id='word_1_257' title='bbox 476 3409 532 3481; x_wconf 80' lang='lat' dir='ltr'><strong>ispi</strong></span> <span class='ocrx_word' id='word_1_258' title='bbox 551 3430 579 3465; x_wconf 90' lang='lat' dir='ltr'><strong><em>es</em></strong></span> <span class='ocrx_word' id='word_1_259' title='bbox 597 3411 706 3480; x_wconf 81' lang='lat' dir='ltr'><strong>alligans</strong></span> <span class='ocrx_word' id='word_1_260' title='bbox 721 3411 749 3464; x_wconf 91' lang='lat' dir='ltr'><strong><em>in</em></strong></span> <span class='ocrx_word' id='word_1_261' title='bbox 766 3427 839 3463; x_wconf 83' lang='lat' dir='ltr'><strong>mara</strong></span> <span class='ocrx_word' id='word_1_262' title='bbox 857 3410 999 3479; x_wconf 71' lang='lat' dir='ltr'><strong>depressit.</strong></span> <span class='ocrx_word' id='word_1_263' title='bbox 1033 3409 1081 3462; x_wconf 84' lang='lat' dir='ltr'><strong><em>aad</em></strong></span> <span class='ocrx_word' id='word_1_264' title='bbox 1098 3411 1182 3464; x_wconf 85' lang='lat' dir='ltr'><strong>Iusti-</strong></span> 
     </span>
     <span class='ocr_line' id='line_1_30' title="bbox 90 3477 1182 3550; baseline 0 -17"><span class='ocrx_word' id='word_1_265' title='bbox 90 3480 173 3533; x_wconf 83' lang='lat' dir='ltr'><strong>nianna</strong></span> <span class='ocrx_word' id='word_1_266' title='bbox 194 3483 229 3535; x_wconf 88' lang='lat' dir='ltr'><strong><em>cb</em></strong></span> <span class='ocrx_word' id='word_1_267' title='bbox 248 3487 369 3534; x_wconf 82' lang='lat' dir='ltr'><strong>servatus</strong></span> <span class='ocrx_word' id='word_1_268' title='bbox 386 3479 496 3534; x_wconf 80' lang='lat' dir='ltr'><strong>iuvenes</strong></span> <span class='ocrx_word' id='word_1_269' title='bbox 518 3481 619 3535; x_wconf 81' lang='lat' dir='ltr'><strong>mollius</strong></span> <span class='ocrx_word' id='word_1_270' title='bbox 636 3497 705 3550; x_wconf 91' lang='lat' dir='ltr'><strong>quae</strong></span> <span class='ocrx_word' id='word_1_271' title='bbox 722 3481 892 3534; x_wconf 83' lang='lat' dir='ltr'><strong>maudaverat</strong></span> <span class='ocrx_word' id='word_1_272' title='bbox 912 3489 993 3548; x_wconf 85' lang='lat' dir='ltr'><strong>atqua</strong></span> <span class='ocrx_word' id='word_1_273' title='bbox 1010 3477 1146 3532; x_wconf 79' lang='lat' dir='ltr'><strong>humanius</strong></span> <span class='ocrx_word' id='word_1_274' title='bbox 1164 3497 1182 3533; x_wconf 88' lang='lat' dir='ltr'><strong>a</strong></span> 
     </span>
    </p>
   </div>
   <div class='ocr_carea' id='block_1_5' title="bbox 91 3549 1240 4085">
    <p class='ocr_par' dir='ltr' id='par_1_14' title="bbox 91 3549 1240 4085">
     <span class='ocr_line' id='line_1_31' title="bbox 92 3549 1180 3622; baseline 0.001 -20"><span class='ocrx_word' id='word_1_275' title='bbox 92 3549 216 3618; x_wconf 81' lang='lat' dir='ltr'><strong>Stephano</strong></span> <span class='ocrx_word' id='word_1_276' title='bbox 234 3558 343 3620; x_wconf 84' lang='lat' dir='ltr'><strong>paracta</strong></span> <span class='ocrx_word' id='word_1_277' title='bbox 378 3557 468 3618; x_wconf 79' lang='lat' dir='ltr'><strong>utana,</strong></span> <span class='ocrx_word' id='word_1_278' title='bbox 490 3550 693 3622; x_wconf 81' lang='lat' dir='ltr'><strong>quamprimum</strong></span> <span class='ocrx_word' id='word_1_279' title='bbox 710 3549 779 3602; x_wconf 87' lang='lat' dir='ltr'><strong>bunc</strong></span> <span class='ocrx_word' id='word_1_280' title='bbox 795 3551 873 3603; x_wconf 85' lang='lat' dir='ltr'><strong>adse</strong></span> <span class='ocrx_word' id='word_1_281' title='bbox 889 3553 1009 3601; x_wconf 75' lang='lat' dir='ltr'><strong>revocat.</strong></span> <span class='ocrx_word' id='word_1_282' title='bbox 1043 3549 1090 3617; x_wconf 85' lang='lat' dir='ltr'><strong><em>qui</em></strong></span> <span class='ocrx_word' id='word_1_283' title='bbox 1106 3549 1180 3618; x_wconf 88' lang='lat' dir='ltr'><strong>iude,</strong></span> 
     </span>
     <span class='ocr_line' id='line_1_32' title="bbox 91 3569 1181 3688; baseline 0.002 -17"><span class='ocrx_word' id='word_1_284' title='bbox 91 3625 120 3671; x_wconf 92' lang='lat' dir='ltr'><strong>ut</strong></span> <span class='ocrx_word' id='word_1_285' title='bbox 137 3627 188 3672; x_wconf 87' lang='lat' dir='ltr'><strong>arat</strong></span> <span class='ocrx_word' id='word_1_286' title='bbox 208 3619 313 3686; x_wconf 81' lang='lat' dir='ltr'><strong>iussus,</strong></span> <span class='ocrx_word' id='word_1_287' title='bbox 338 3569 444 3672; x_wconf 80' lang='grc' dir='ltr'><strong><em>οόλνειιο</em></strong></span> <span class='ocrx_word' id='word_1_288' title='bbox 469 3619 577 3674; x_wconf 82' lang='lat' dir='ltr'><strong>ineunte</strong></span> <span class='ocrx_word' id='word_1_289' title='bbox 599 3619 711 3673; x_wconf 81' lang='lat' dir='ltr'><strong>Octobri</strong></span> <span class='ocrx_word' id='word_1_290' title='bbox 735 3619 875 3688; x_wconf 76' lang='lat' dir='ltr'>ingruente</span> <span class='ocrx_word' id='word_1_291' title='bbox 894 3618 1006 3670; x_wconf 82' lang='lat' dir='ltr'><strong>maxima</strong></span> <span class='ocrx_word' id='word_1_292' title='bbox 1020 3624 1073 3670; x_wconf 83' lang='lat' dir='ltr'><strong>tem</strong></span> <span class='ocrx_word' id='word_1_293' title='bbox 1094 3627 1181 3673; x_wconf 76' lang='lat' dir='ltr'><strong>estate</strong></span> 
     </span>
     <span class='ocr_line' id='line_1_33' title="bbox 91 3635 1182 3764; baseline -0.001 -23"><span class='ocrx_word' id='word_1_294' title='bbox 91 3688 244 3758; x_wconf 75' lang='lat' dir='ltr'><strong>naufragium</strong></span> <span class='ocrx_word' id='word_1_295' title='bbox 261 3703 357 3757; x_wconf 81' lang='lat' dir='ltr'><strong>passus</strong></span> <span class='ocrx_word' id='word_1_296' title='bbox 379 3696 437 3757; x_wconf 90' lang='lat' dir='ltr'><strong>eat,</strong></span> <span class='ocrx_word' id='word_1_297' title='bbox 460 3687 489 3741; x_wconf 92' lang='lat' dir='ltr'><strong><em>in</em></strong></span> <span class='ocrx_word' id='word_1_298' title='bbox 531 3706 565 3742; x_wconf 86' lang='lat' dir='ltr'><strong><em>uu</em></strong></span> <span class='ocrx_word' id='word_1_299' title='bbox 582 3689 634 3742; x_wconf 87' lang='lat' dir='ltr'><strong>triu</strong></span> <span class='ocrx_word' id='word_1_300' title='bbox 653 3691 710 3742; x_wconf 82' lang='lat' dir='ltr'><strong>tera</strong></span> <span class='ocrx_word' id='word_1_301' title='bbox 729 3697 758 3764; x_wconf 87' lang='lat' dir='ltr'><strong>et</strong></span> <span class='ocrx_word' id='word_1_302' title='bbox 773 3687 941 3756; x_wconf 83' lang='lat' dir='ltr'><strong>aeptuuginta</strong></span> <span class='ocrx_word' id='word_1_303' title='bbox 955 3686 1029 3739; x_wconf 84' lang='lat' dir='ltr'><strong>mitia</strong></span> <span class='ocrx_word' id='word_1_304' title='bbox 1043 3635 1182 3740; x_wconf 60' lang='lat' dir='ltr'><strong>uniuersa</strong></span> 
     </span>
     <span class='ocr_line' id='line_1_34' title="bbox 92 3755 1181 3829; baseline -0.003 -18"><span class='ocrx_word' id='word_1_305' title='bbox 92 3763 153 3811; x_wconf 86' lang='lat' dir='ltr'><strong>sunt.</strong></span> <span class='ocrx_word' id='word_1_306' title='bbox 185 3773 295 3829; x_wconf 89' lang='lat' dir='ltr'><strong>quorum</strong></span> <span class='ocrx_word' id='word_1_307' title='bbox 312 3759 442 3812; x_wconf 74' lang='lat' dir='ltr'><strong>cadavera</strong></span> <span class='ocrx_word' id='word_1_308' title='bbox 459 3759 493 3811; x_wconf 90' lang='lat' dir='ltr'><strong><em>ab</em></strong></span> <span class='ocrx_word' id='word_1_309' title='bbox 560 3758 660 3812; x_wconf 74' lang='lat' dir='ltr'><strong>astricte</strong></span> <span class='ocrx_word' id='word_1_310' title='bbox 676 3757 710 3810; x_wconf 85' lang='lat' dir='ltr'><strong><em>ud</em></strong></span> <span class='ocrx_word' id='word_1_311' title='bbox 726 3756 882 3810; x_wconf 82' lang='lat' dir='ltr'><strong>Heracleam</strong></span> <span class='ocrx_word' id='word_1_312' title='bbox 898 3755 1072 3827; x_wconf 84' lang='lat' dir='ltr'><strong>usquemaris</strong></span> <span class='ocrx_word' id='word_1_313' title='bbox 1089 3763 1181 3809; x_wconf 70' lang='lat' dir='ltr'><strong>aestu</strong></span> 
     </span>
     <span class='ocr_line' id='line_1_35' title="bbox 92 3825 1179 3898; baseline -0.003 -18"><span class='ocrx_word' id='word_1_314' title='bbox 92 3826 204 3896; x_wconf 75' lang='lat' dir='ltr'><strong>abripuit.</strong></span> <span class='ocrx_word' id='word_1_315' title='bbox 239 3827 400 3881; x_wconf 75' lang='lat' dir='ltr'><strong>lastinianus</strong></span> <span class='ocrx_word' id='word_1_316' title='bbox 417 3827 458 3879; x_wconf 84' lang='lat' dir='ltr'><strong>iria</strong></span> <span class='ocrx_word' id='word_1_317' title='bbox 474 3828 591 3898; x_wconf 77' lang='lat' dir='ltr'><strong>acceptis</strong></span> <span class='ocrx_word' id='word_1_318' title='bbox 608 3843 660 3880; x_wconf 90' lang='lat' dir='ltr'><strong><em>non</em></strong></span> <span class='ocrx_word' id='word_1_319' title='bbox 675 3828 753 3879; x_wconf 91' lang='lat' dir='ltr'><strong>modo</strong></span> <span class='ocrx_word' id='word_1_320' title='bbox 768 3825 833 3878; x_wconf 86' lang='lat' dir='ltr'><strong>nibil</strong></span> <span class='ocrx_word' id='word_1_321' title='bbox 851 3825 948 3892; x_wconf 84' lang='lat' dir='ltr'><strong>doluit,</strong></span> <span class='ocrx_word' id='word_1_322' title='bbox 963 3825 1011 3878; x_wconf 83' lang='lat' dir='ltr'><strong><em>aad</em></strong></span> <span class='ocrx_word' id='word_1_323' title='bbox 1030 3825 1108 3877; x_wconf 85' lang='lat' dir='ltr'><strong>etiam</strong></span> <span class='ocrx_word' id='word_1_324' title='bbox 1123 3842 1179 3878; x_wconf 84' lang='lat' dir='ltr'><strong>rua-</strong></span> 
     </span>
     <span class='ocr_line' id='line_1_36' title="bbox 92 3893 1240 4085; baseline 0 -67"><span class='ocrx_word' id='word_1_325' title='bbox 92 3893 1180 4085; x_wconf 47' lang='lat' dir='ltr'><strong>tttttttttt‘’,tittuttttntttttfflsstbttfflt‘rbfttt</strong></span> <span class='ocrx_word' id='word_1_326' title='bbox 1234 3919 1240 3928; x_wconf 82' lang='grc'><em>“</em></span> 
     </span>
    </p>
   </div>
   <div class='ocr_carea' id='block_1_6' title="bbox 93 4033 1181 4526">
    <p class='ocr_par' dir='ltr' id='par_1_15' title="bbox 93 4033 1181 4526">
     <span class='ocr_line' id='line_1_37' title="bbox 93 4033 1179 4106; baseline 0.001 -19"><span class='ocrx_word' id='word_1_327' title='bbox 93 4033 231 4102; x_wconf 79' lang='lat' dir='ltr'><strong>diiigenter,</strong></span> <span class='ocrx_word' id='word_1_328' title='bbox 257 4036 328 4104; x_wconf 88' lang='lat' dir='ltr'><strong>quod</strong></span> <span class='ocrx_word' id='word_1_329' title='bbox 351 4035 380 4088; x_wconf 90' lang='lat' dir='ltr'><strong><em>in</em></strong></span> <span class='ocrx_word' id='word_1_330' title='bbox 404 4034 471 4106; x_wconf 87' lang='lat' dir='ltr'><strong>ipsis</strong></span> <span class='ocrx_word' id='word_1_331' title='bbox 496 4035 560 4104; x_wconf 78' lang='lat' dir='ltr'><strong>fuit,</strong></span> <span class='ocrx_word' id='word_1_332' title='bbox 585 4053 645 4089; x_wconf 84' lang='lat' dir='ltr'><strong>sese</strong></span> <span class='ocrx_word' id='word_1_333' title='bbox 667 4035 800 4101; x_wconf 88' lang='lat' dir='ltr'><strong>muniunt,</strong></span> <span class='ocrx_word' id='word_1_334' title='bbox 828 4042 856 4087; x_wconf 84' lang='lat' dir='ltr'><strong>ct</strong></span> <span class='ocrx_word' id='word_1_335' title='bbox 875 4051 892 4086; x_wconf 92' lang='lat' dir='ltr'><strong>a</strong></span> <span class='ocrx_word' id='word_1_336' title='bbox 927 4034 1060 4087; x_wconf 79' lang='lat' dir='ltr'><strong>chazares</strong></span> <span class='ocrx_word' id='word_1_337' title='bbox 1085 4041 1179 4102; x_wconf 80' lang='lat' dir='ltr'><strong>agatae</strong></span> 
     </span>
     <span class='ocr_line' id='line_1_38' title="bbox 93 4101 1181 4184; baseline -0.002 -26"><span class='ocrx_word' id='word_1_338' title='bbox 93 4103 198 4170; x_wconf 87' lang='lat' dir='ltr'><strong>mittunt,</strong></span> <span class='ocrx_word' id='word_1_339' title='bbox 214 4111 246 4155; x_wconf 86' lang='lat' dir='ltr'><strong>ut</strong></span> <span class='ocrx_word' id='word_1_340' title='bbox 259 4106 292 4157; x_wconf 90' lang='lat' dir='ltr'><strong><em>ad</em></strong></span> <span class='ocrx_word' id='word_1_341' title='bbox 307 4105 350 4158; x_wconf 88' lang='lat' dir='ltr'><strong><em>sui</em></strong></span> <span class='ocrx_word' id='word_1_342' title='bbox 366 4105 511 4158; x_wconf 76' lang='lat' dir='ltr'><strong>custodiam</strong></span> <span class='ocrx_word' id='word_1_343' title='bbox 526 4121 667 4175; x_wconf 81' lang='lat' dir='ltr'><strong>eorumque</strong></span> <span class='ocrx_word' id='word_1_344' title='bbox 684 4105 730 4174; x_wconf 89' lang='lat' dir='ltr'><strong><em>qui</em></strong></span> <span class='ocrx_word' id='word_1_345' title='bbox 747 4109 905 4174; x_wconf 85' lang='lat' dir='ltr'><strong>supereraut</strong></span> <span class='ocrx_word' id='word_1_346' title='bbox 921 4101 1031 4158; x_wconf 76' lang='lat' dir='ltr'><strong>salutern</strong></span> <span class='ocrx_word' id='word_1_347' title='bbox 1045 4102 1181 4184; x_wconf 83' lang='lat' dir='ltr'><strong>praesidia</strong></span> 
     </span>
     <span class='ocr_line' id='line_1_39' title="bbox 94 4172 1180 4257; baseline -0.001 -31"><span class='ocrx_word' id='word_1_348' title='bbox 94 4172 271 4226; x_wconf 79' lang='lat' dir='ltr'><strong>submitterent.</strong></span> <span class='ocrx_word' id='word_1_349' title='bbox 307 4174 374 4228; x_wconf 88' lang='lat' dir='ltr'><strong>haec</strong></span> <span class='ocrx_word' id='word_1_350' title='bbox 397 4174 443 4228; x_wconf 85' lang='lat' dir='ltr'><strong><em>ubi</em></strong></span> <span class='ocrx_word' id='word_1_351' title='bbox 465 4173 626 4230; x_wconf 85' lang='lat' dir='ltr'><strong>Iustinianus</strong></span> <span class='ocrx_word' id='word_1_352' title='bbox 649 4173 793 4257; x_wconf 79' lang='lat' dir='ltr'><strong>comperit,</strong></span> <span class='ocrx_word' id='word_1_353' title='bbox 818 4172 962 4241; x_wconf 79' lang='lat' dir='ltr'><strong>Georgium</strong></span> <span class='ocrx_word' id='word_1_354' title='bbox 987 4172 1128 4242; x_wconf 71' lang='lat' dir='ltr'><strong>patricium</strong></span> <span class='ocrx_word' id='word_1_355' title='bbox 1151 4179 1180 4225; x_wconf 83' lang='lat' dir='ltr'><strong>at</strong></span> 
     </span>
     <span class='ocr_line' id='line_1_40' title="bbox 93 4239 1178 4314; baseline -0.004 -18"><span class='ocrx_word' id='word_1_356' title='bbox 93 4243 202 4296; x_wconf 82' lang='lat' dir='ltr'><strong>Ioannem</strong></span> <span class='ocrx_word' id='word_1_357' title='bbox 238 4244 381 4296; x_wconf 82' lang='lat' dir='ltr'><strong>raeiectuur</strong></span> <span class='ocrx_word' id='word_1_358' title='bbox 398 4243 471 4298; x_wconf 86' lang='lat' dir='ltr'><strong>urbis</strong></span> <span class='ocrx_word' id='word_1_359' title='bbox 491 4241 610 4314; x_wconf 71' lang='lat' dir='ltr'><strong>aliosque</strong></span> <span class='ocrx_word' id='word_1_360' title='bbox 631 4244 766 4313; x_wconf 75' lang='lat' dir='ltr'><strong>principes</strong></span> <span class='ocrx_word' id='word_1_361' title='bbox 785 4261 843 4296; x_wconf 89' lang='lat' dir='ltr'><strong><em>cum</em></strong></span> <span class='ocrx_word' id='word_1_362' title='bbox 858 4241 987 4296; x_wconf 85' lang='lat' dir='ltr'><strong>trecentis</strong></span> <span class='ocrx_word' id='word_1_363' title='bbox 1003 4241 1111 4295; x_wconf 82' lang='lat' dir='ltr'><strong>circiter</strong></span> <span class='ocrx_word' id='word_1_364' title='bbox 1129 4239 1178 4292; x_wconf 87' lang='lat' dir='ltr'><strong><em>bc·</em></strong></span> 
     </span>
     <span class='ocr_line' id='line_1_41' title="bbox 94 4257 1177 4382; baseline -0.005 -17"><span class='ocrx_word' id='word_1_365' title='bbox 94 4313 191 4366; x_wconf 89' lang='lat' dir='ltr'><strong>minibus</strong></span> <span class='ocrx_word' id='word_1_366' title='bbox 215 4257 328 4365; x_wconf 60' lang='lat' dir='ltr'><strong>innuat</strong></span> <span class='ocrx_word' id='word_1_367' title='bbox 365 4311 453 4382; x_wconf 85' lang='lat' dir='ltr'><strong>iisque</strong></span> <span class='ocrx_word' id='word_1_368' title='bbox 474 4313 576 4366; x_wconf 84' lang='lat' dir='ltr'><strong>Durum</strong></span> <span class='ocrx_word' id='word_1_369' title='bbox 598 4331 630 4366; x_wconf 88' lang='lat' dir='ltr'><strong><em>uc</em></strong></span> <span class='ocrx_word' id='word_1_370' title='bbox 646 4313 748 4367; x_wconf 83' lang='lat' dir='ltr'><strong>Zoilum</strong></span> <span class='ocrx_word' id='word_1_371' title='bbox 765 4314 945 4381; x_wconf 83' lang='lat' dir='ltr'><strong>commendat,</strong></span> <span class='ocrx_word' id='word_1_372' title='bbox 969 4310 1066 4381; x_wconf 88' lang='lat' dir='ltr'><strong>quibus</strong></span> <span class='ocrx_word' id='word_1_373' title='bbox 1080 4309 1109 4361; x_wconf 89' lang='lat' dir='ltr'><strong><em>in</em></strong></span> <span class='ocrx_word' id='word_1_374' title='bbox 1126 4308 1177 4360; x_wconf 79' lang='lat' dir='ltr'><strong>iur-</strong></span> 
     </span>
     <span class='ocr_line' id='line_1_42' title="bbox 93 4351 1176 4466; baseline -0.006 -30"><span class='ocrx_word' id='word_1_375' title='bbox 93 4383 178 4455; x_wconf 88' lang='lat' dir='ltr'><strong>perium</strong></span> <span class='ocrx_word' id='word_1_376' title='bbox 192 4379 322 4434; x_wconf 86' lang='lat' dir='ltr'><strong>restitutis</strong></span> <span class='ocrx_word' id='word_1_377' title='bbox 335 4351 440 4436; x_wconf 72' lang='lat' dir='ltr'><strong>ileliuuu</strong></span> <span class='ocrx_word' id='word_1_378' title='bbox 453 4382 486 4436; x_wconf 88' lang='lat' dir='ltr'><strong><em>ad</em></strong></span> <span class='ocrx_word' id='word_1_379' title='bbox 505 4399 534 4436; x_wconf 89' lang='lat' dir='ltr'><strong><em>se</em></strong></span> <span class='ocrx_word' id='word_1_380' title='bbox 551 4383 737 4452; x_wconf 83' lang='lat' dir='ltr'><strong>perducerent.</strong></span> <span class='ocrx_word' id='word_1_381' title='bbox 771 4382 854 4466; x_wconf 65' lang='lat' dir='ltr'><strong>igitur</strong></span> <span class='ocrx_word' id='word_1_382' title='bbox 871 4400 929 4437; x_wconf 88' lang='lat' dir='ltr'><strong><em>cum</em></strong></span> <span class='ocrx_word' id='word_1_383' title='bbox 946 4379 1108 4434; x_wconf 73' lang='lat' dir='ltr'><strong>chersonam</strong></span> <span class='ocrx_word' id='word_1_384' title='bbox 1126 4395 1176 4446; x_wconf 61' lang='grc' dir='ltr'><strong><em>ομ·</em></strong></span> 
     </span>
     <span class='ocr_line' id='line_1_43' title="bbox 93 4447 1177 4526; baseline -0.007 -18"><span class='ocrx_word' id='word_1_385' title='bbox 93 4451 218 4524; x_wconf 83' lang='lat' dir='ltr'><strong>pulinant,</strong></span> <span class='ocrx_word' id='word_1_386' title='bbox 235 4449 364 4526; x_wconf 83' lang='lat' dir='ltr'><strong>oppidani</strong></span> <span class='ocrx_word' id='word_1_387' title='bbox 376 4451 521 4524; x_wconf 69' lang='lat' dir='ltr'><strong>Georgium</strong></span> <span class='ocrx_word' id='word_1_388' title='bbox 536 4451 619 4508; x_wconf 84' lang='lat' dir='ltr'><strong>aulum</strong></span> <span class='ocrx_word' id='word_1_389' title='bbox 636 4469 694 4508; x_wconf 82' lang='lat' dir='ltr'><strong><em>cum</em></strong></span> <span class='ocrx_word' id='word_1_390' title='bbox 710 4453 891 4525; x_wconf 82' lang='lat' dir='ltr'><strong>priucapibua,</strong></span> <span class='ocrx_word' id='word_1_391' title='bbox 908 4465 977 4524; x_wconf 84' lang='lat' dir='ltr'><strong>quus</strong></span> <span class='ocrx_word' id='word_1_392' title='bbox 988 4463 1079 4504; x_wconf 76' lang='lat' dir='ltr'><strong>secun</strong></span> <span class='ocrx_word' id='word_1_393' title='bbox 1094 4447 1177 4503; x_wconf 74' lang='lat' dir='ltr'><strong>adda·</strong></span> 
     </span>
    </p>
   </div>
   <div class='ocr_carea' id='block_1_7' title="bbox 0 0 1524 4900">
    <p class='ocr_par' dir='ltr' id='par_1_16' title="bbox 0 0 1524 4900">
     <span class='ocr_line' id='line_1_44' title="bbox 0 0 1524 4900; baseline 0 0"><span class='ocrx_word' id='word_1_394' title='bbox 0 0 1524 4900; x_wconf 95' lang='lat' dir='ltr'><strong><em> </em></strong></span> 
     </span>
    </p>
   </div>
  </div>
 </body>
</html>
