3017 4900
302 331 376 404 106
766 331 938 402 ruram
963 357 966 361 ·

304 499 530 561 centenorum.
577 519 647 559 cnm
665 509 768 560 amem
781 500 904 561 dicitnr
914 498 1080 560 Heraclius
1093 499 1268 578 irruptione
1273 497 1368 578 saeta
1377 500 1406 555 ie

299 585 456 648 Persidem
476 595 581 644 ocutm
598 587 676 645 Scin
695 589 879 659 retraxneet,
899 607 1005 644 nerem
1020 587 1117 644 Paeo
1132 585 1276 643 reditum
1289 604 1406 665 ogga-

300 693 353 732 ens
368 681 410 728 est
423 680 453 727 et
464 673 498 729 in
509 691 598 730 enom
610 675 762 752 regionem
777 673 943 731 vehementi
951 670 1050 730 etrsdm
1071 681 1115 730 eet
1131 690 1288 729 revererer.
1335 689 1407 726 ero-
1449 677 1450 700 ¹

301 761 394 816 citum
405 766 506 814 antem
518 759 675 816 Persicum
687 758 809 836 reteque
819 759 1010 816 Anoetoeiue
1019 767 1075 815 etc.
1098 757 1189 834 poulo
1202 775 1288 814 vero
1303 763 1408 834 postes,

301 844 343 906 10
358 839 439 898 hunc
455 842 587 900 Heraclii
603 863 716 902 cunum
729 844 823 902 fuisse
836 852 1001 918 memoret,
1021 861 1082 924 qno
1095 843 1149 900 ille
1162 841 1409 918 Hierosolymam
1450 840 1454 869 ¹

300 927 452 1005 proiectus
477 931 510 985 in
535 931 752 988 monasterium
776 939 912 1008 receptus
938 937 1000 1004 est,
1031 927 1085 984 uhi
1105 931 1126 990 7
1145 928 1238 984 eunte
1257 925 1408 983 namen

303 1010 427 1070 demum
442 1031 469 1070 a·
483 1015 615 1071 Heraclii
629 1015 669 1077 17
680 1033 787 1093 passus
800 1024 857 1073 est.
899 1031 978 1094 qnae
999 1010 1124 1093 quidem
1141 1031 1249 1091 neque
1266 1030 1341 1068 curn
1352 1011 1409 1067 Aa·

301 1098 423 1156 nalibus
439 1116 539 1178 neque
553 1119 623 1157 cum
635 1102 679 1157 rei
693 1101 819 1159 veritate
832 1100 1032 1160 consentiunt.
1060 1131 1064 1138 ,
1077 1099 1217 1175 inprimis
1232 1115 1312 1154 cum
1322 1112 1407 1152 annus

300 1191 476 1240 numeretur
497 1186 630 1244 Heraclii
648 1186 705 1260 10,
735 1203 796 1265 quc
820 1187 848 1244 is
870 1185 904 1243 iu
927 1183 1143 1242 monasterium
1170 1180 1334 1240 admissus
1361 1189 1407 1251 ret,
1451 1180 1455 1195 '

300 1267 382 1326 male
396 1287 466 1325 oum
478 1286 505 1328 a.
521 1269 554 1326 c·
569 1270 629 1333 621
645 1273 848 1348 componitur:
869 1269 1003 1329 Heraclii
1017 1270 1128 1350 quippe
1144 1270 1184 1331 10
1197 1269 1309 1346 coepit
1320 1265 1407 1328 n619

300 1351 411 1412 indict.
427 1356 466 1426 7,
491 1357 688 1435 pervenitque
711 1351 750 1412 nd
773 1354 932 1415 Octobrem
951 1373 981 1412 a.
1002 1356 1081 1428 620,
1102 1352 1226 1412 biennio
1250 1361 1406 1430 antequem

303 1437 460 1496 Heraclius
479 1441 512 1496 in
532 1441 685 1498 Orientem
700 1451 840 1520 pergeret
856 1451 908 1499 eut
922 1449 992 1498 cum
1005 1439 1069 1496 nilo
1085 1435 1228 1497 chosmis
1246 1436 1331 1496 duce
1346 1453 1407 1491 oon-

302 1523 436 1601 iiigeret,
460 1520 596 1604 adeoque
619 1523 640 1588 4
662 1529 748 1585 anuis
770 1535 840 1606 post
858 1526 936 1585 Saue
957 1523 1143 1601 digressum,
1164 1525 1230 1582 imo
1256 1532 1333 1601 post
1352 1519 1406 1576 eim

303 1609 431 1667 obitum.
474 1619 566 1668 restet
576 1619 610 1669 ut
622 1611 678 1670 snb
692 1613 787 1670 altero
801 1631 879 1691 pene
891 1605 1045 1692 ὁμωνύμῳ
1058 1608 1113 1668 Sei
1126 1606 1288 1687 stipendia
1302 1606 1406 1674 fecerit,

302 1713 374 1751 cum
388 1698 565 1773 praesertim
579 1697 656 1770 Seis,
677 1716 740 1756 nou
753 1697 828 1756 Sace
841 1706 894 1754 aut
907 1696 1011 1754 setun
1021 1713 1040 1752 a
1050 1691 1262 1772 Metaphreste
1274 1692 1405 1750 nomine·

302 1789 363 1837 tur.
392 1799 498 1839 rerum
511 1781 609 1840 obstet
622 1779 705 1862 quod
719 1792 788 1861 post
801 1781 880 1842 Seue
891 1799 999 1839 necem
1011 1799 1073 1837 non
1090 1779 1169 1852 Seis,
1191 1777 1252 1838 sed
1266 1777 1403 1838 sartam

302 1864 354 1922 vel
377 1863 555 1926 Serberazes
576 1869 609 1925 in
629 1865 807 1948 Bithyniam
825 1868 992 1926 exercitum
1007 1866 1117 1943 egerit,
1138 1861 1223 1922 unde
1243 1859 1406 1921 achaeus

302 1961 460 2010 revocatus
483 1972 553 2010 cum
572 1955 711 2014 Heraclio
733 1954 874 2027 cenarit,
894 1948 1061 2032 siquidem,
1083 1959 1203 2009 encore
1218 1943 1402 2025 Theophane

302 2045 333 2092 et
346 2036 441 2092 Paulo
454 2038 598 2112 Diacono,
618 2037 766 2098 chosrotis
780 2057 809 2097 e.
823 2042 862 2102 13
874 2037 1007 2096 Heraclii
1017 2035 1220 2095 Serbenezem
1232 2053 1310 2092 cum
1322 2030 1403 2107 copiis

300 2119 335 2176 in
360 2119 558 2194 Romaniam,
579 2130 613 2180 ut
633 2123 676 2179 ait
697 2121 867 2196 cedrenus,
888 2124 1024 2182 immisit.
1066 2118 1122 2180 sed
1138 2140 1155 2178 e
1172 2121 1308 2198 vestigio
1326 2132 1402 2172 reto-
1457 2134 1458 2191 f

302 2212 387 2262 cetus
400 2213 460 2278 est,
484 2223 554 2262 oum
566 2207 722 2265 Heraclius
735 2209 770 2264 in
783 2205 941 2266 Persidem
952 2207 1123 2285 irrupisset,
1146 2207 1195 2263 cui
1208 2225 1282 2264 sese
1294 2201 1402 2260 interim

302 2290 371 2348 Sais
395 2290 515 2350 obiecit.
564 2309 665 2350 rursus
690 2310 718 2350 a.
741 2294 782 2355 16
803 2294 936 2350 Heraclii
956 2290 1104 2352 chosroies
1127 2292 1274 2348 bifariam
1296 2283 1399 2367 partitis
1447 2284 1452 2297 '

297 2377 398 2455 copiis
413 2376 577 2436 Sueborum
592 2396 663 2435 cum
676 2376 719 2442 60
732 2376 856 2436 milibus
870 2378 990 2457 cpolim
1002 2379 1102 2452 misit,
1124 2387 1241 2435 ceteros
1264 2373 1342 2432 duee
1357 2368 1399 2426 Sei

302 2461 446 2522 adversus
469 2464 645 2522 Heraclium
668 2465 822 2543 opposuit,
845 2482 864 2521 α
886 2482 946 2543 quo
970 2465 1068 2522 rictus
1091 2463 1160 2521 Seis
1180 2482 1215 2519 ac
1231 2461 1399 2540 profligatus

303 2558 367 2621 est,
391 2566 460 2607 cnm
473 2551 595 2609 iuterim
611 2549 755 2609 sarbaras
768 2547 990 2608 chalcedonem
1005 2558 1208 2627 oppugnaret,
1230 2566 1295 2627 qua
1309 2547 1342 2601 in
1353 2540 1397 2598 ob-

304 2630 423 2691 sidione
451 2635 598 2713 perstitit,
631 2654 690 2692 nec
716 2654 787 2693 cnm
811 2636 950 2694 Heraclio
980 2630 1123 2711 deinceps
1153 2650 1334 2710 congressus
1352 2635 1397 2683 esi·

302 2715 502 2795 Theophanis
523 2738 559 2777 nc
579 2717 708 2777 cedreni
730 2719 822 2778 verbe
843 2720 968 2778 mirifice
987 2739 1057 2777 cum
1074 2715 1281 2798 Metephraste
1299 2730 1396 2773 conve·

301 2803 401 2861 niunt.
443 2796 540 2887 τούτῳ
555 2806 599 2887 τῷ
612 2802 685 2877 ἔτει,
706 2806 749 2861 ait
769 2802 990 2883 Theophanes,
1015 2798 1155 2882 Χοσρόης
1170 2800 1263 2865 ὁτῶν
1281 2798 1396 2879 Περσὸν

303 2882 445 2967 precede
461 2887 535 2950 νέαν
551 2884 712 2968 ἐποιήσατο
729 2890 901 2969 στρατείαν,
921 2882 1100 2968 στρατεύσας
1115 2886 1221 2963 ξένους
1234 2907 1271 2949 τε
1285 2883 1337 2948 καὶ
1351 2901 1394 2942 τα·

303 2973 389 3046 liter
418 2971 472 3034 καὶ
496 2970 629 3047 οἰκέτας,
661 2970 695 3035 ἐκ
716 2969 830 3048 neeric
850 2971 959 3054 γένους
980 2968 1108 3052 ἐκλογὴν
1128 2967 1326 3050 ποιούμενος,
1352 2960 1395 3027 ecl

302 3052 418 3137 ταύτην
439 3054 496 3138 τήν
519 3053 647 3139 ἐκλογήν
661 3060 704 3142 rqi
720 3051 802 3120 Σάϊν
814 3054 972 3141 παραδούς
983 3060 1148 3143 στρατηγῷ.
1189 3054 1394 3137 neaphmte

303 3158 394 3219 vero‘,
416 3164 486 3203 own
505 3144 734 3215 adolescentiae,
754 3145 870 3226 inquit,
891 3153 1019 3201 nentem
1032 3145 1097 3201 ιἀατ
1112 3144 1287 3222 attingeret,
1308 3150 1338 3198 st
1351 3153 1393 3193 m

306 3228 451 3288 Clecsroe'e
466 3250 577 3289 reorum
589 3230 748 3288 ererriirsm
759 3230 794 3287 in
805 3229 930 3288 Percide
942 3228 1106 3309 colligeret,
1127 3230 1191 3307 ipse
1204 3246 1325 3308 quoque
1336 3238 1393 3280 ew»

302 3314 375 3372 aliis
394 3314 522 3393 refertur
545 3318 579 3373 in
601 3336 760 3373 numerum
784 3318 924 3375 monton.
970 3334 1066 3373 annus
1093 3316 1131 3377 16
1155 3314 1289 3372 Heraclii
1308 3306 1392 3384 coepit

303 3397 415 3459 Christi
441 3401 513 3464 625.
557 3399 666 3480 quodsi
689 3420 717 3459 α.
740 3402 781 3463 17
803 3399 940 3461 eiusdem
958 3401 1148 3479 imperatoris
1166 3418 1274 3478 pessus
1293 3407 1351 3467 est,
1369 3408 1392 3446 θ·

302 3486 337 3543 c.
363 3480 397 3542 id
421 3483 530 3543 eccidit
555 3488 617 3549 626
642 3495 693 3545 aut
717 3488 789 3549 627.
832 3490 876 3547 ite
902 3505 966 3545 nou
995 3504 1089 3545 ennos
1114 3487 1134 3548 7
1162 3482 1216 3545 sed
1235 3502 1329 3543 unum
1349 3483 1390 3533 ⁸¹¹¹

302 3572 433 3649 alterum
456 3570 559 3648 exegit
581 3571 614 3627 in
634 3572 828 3629 monasterio.
871 3582 923 3630 eut
946 3572 974 3629 si
996 3573 1119 3629 omuino
1142 3589 1212 3629 curu
1234 3571 1331 3649 priore
1346 3561 1389 3619 ill⁰

300 3656 362 3717 sae
384 3654 605 3716 chalcedonem
625 3658 775 3735 perrexit,
797 3677 825 3715 a.
844 3658 922 3731 616,
944 3658 1076 3714 liereolii
1095 3659 1131 3729 6,
1152 3654 1271 3714 Christo
1292 3662 1388 3711 nomen

302 3738 395 3816 dedit,
418 3763 453 3801 ec
466 3744 545 3816 621,
566 3744 699 3801 Heraclii
714 3743 764 3815 11,
785 3752 837 3801 eut
849 3744 1020 3822 insequenti
1032 3762 1051 3799 a
1065 3738 1196 3801 chosrot}
1208 3744 1388 3814 interemptus

302 3837 365 3899 eet;
387 3826 420 3886 id
440 3826 521 3909 quod
540 3846 596 3907 ego
616 3829 809 3887 verisimilius
827 3829 963 3886 arbitror.
1006 3837 1157 3906 postremo
1173 3828 1298 3885 minime
1314 3838 1389 3900 pne*

157 3990 158 3993 Ἴ
302 3910 484 3973 tereundum
498 3912 665 3973 Lntlrereni
681 3910 855 3992 chronologi
870 3910 957 3973 Sethi
971 3913 1093 3971 Calvisii
1112 3914 1232 3991 insigne
1253 3907 1387 3971 delirium.

211 4002 288 4061 1²64
305 3999 358 4079 qui
384 3996 424 4055 ad
448 4018 476 4056 a.
499 4000 533 4057 c.
554 4004 616 4063 621
636 4009 721 4059 notet
743 3997 896 4059 chosrotiu
927 4001 1120 4059 Anastasium
1150 4000 1184 4055 in
1210 3999 1313 4057 Asiam
1338 3987 1387 4049 mi·

304 4086 394 4158 sisse,
418 4086 471 4163 qui
487 4082 707 4144 Chalcedonem
721 4094 922 4164 oppugnaret:
944 4082 999 4143 sed
1012 4086 1205 4143 Anmteeium
1219 4098 1326 4159 magno
1337 4078 1386 4133 im·

304 4170 450 4251 peratoris
478 4168 575 4244 hono,
607 4173 711 4229 relicte
731 4172 942 4251 superstitione
962 4171 1085 4249 gentili,
1117 4172 1209 4228 sacris
1229 4158 1386 4226 circumis

302 4259 472 4331 initiatum,
495 4265 526 4313 et
538 4264 642 4335 postea
656 4259 747 4315 etiam
760 4258 904 4336 mertyrio
918 4265 1102 4315 coronatum.
1146 4253 1384 4314 ouiusmitetem
1454 4242 1455 4258 ¹

296 4340 391 4402 nliert
411 4340 589 4403 cedrenum.
633 4361 694 4425 quo
715 4338 794 4403 nihil
815 4342 889 4424 iurgi
909 4350 1007 4422 potest
1024 4340 1173 4422 ineptius,
1192 4339 1384 4401 emeretr
