3017 4900
301 326 371 432 saa
744 320 956 406 comosus

297 484 416 574 καιρός.
437 487 511 574 πρλν
522 487 626 558 tlara
642 485 686 566 τίς
700 489 816 556 τελείαν
830 481 994 566 α’ποίλιιαν,
1007 482 1176 553 ἀποθέσθω
1187 488 1250 548 stis
1261 485 1407 567 φορτίων

298 575 336 644 τοί
348 577 490 654 πλείονα,
516 573 568 640 καλ
587 573 661 657 πρλν
681 569 871 658 ὑποβρύχιον
886 573 1034 682 ηενίσθαι
1050 571 1084 638 τί
1104 567 1238 652 σκάφος,
1266 570 1407 653 ἐκβολὴν

296 659 482 744 ποιησάσθω
493 663 556 724 τῶν
570 652 730 744 ἆγωνίμων
747 655 769 724 di
784 657 826 740 ριή
844 662 972 734 ὄνονται·
987 657 1134 736 συνέλεξε.

385 749 455 811 197.
498 737 680 828 Βοορνιίρρο]
703 749 746 806 ita
759 749 792 806 in
805 745 917 822 codice,
936 748 1074 828 quamvis
1089 745 1169 804 infra
1183 762 1214 800 v.
1229 740 1293 808 409
1306 744 1406 824 βαθὺ

296 831 412 920 palpare·
455 834 487 892 in
511 829 703 910 designandis
723 833 898 892 nominibus
915 833 1127 906 barbarorum,
1162 830 1216 910 qui
1242 847 1303 886 uua
1330 849 1404 886 cram

297 883 453 1006 Abapibuss
463 919 581 1000 cpolim
593 915 735 976 invadere
751 921 886 997 aggressi
899 928 978 994 sunt,
998 935 1107 996 parum
1123 913 1305 974 ffimenfiunt
1322 918 1406 976 scri-

297 1016 409 1086 ptores.
452 1003 575 1062 Solavcs
588 1005 724 1062 nominat
737 1000 907 1065 chronicon
918 999 1065 1062 Paschale
1080 1011 1111 1062 et
1121 996 1317 1080 Nicephorus,
1339 1001 1403 1058 Ge-

300 1089 410 1150 drenus
421 1110 459 1168 p.
473 1088 537 1152 416
559 1088 714 1148 Sclavinos
731 1099 762 1148 et
780 1087 913 1169 Gepidas
932 1097 1104 1162 enumerat,
1132 1105 1210 1168 quos
1234 1083 1403 1144 achosroa

300 1185 402 1234 contra
414 1173 588 1232 Heraclium
600 1175 751 1236 isnmissos
766 1175 819 1232 ait.

384 1259 457 1324 205.
499 1260 593 1334 scite,
624 1269 658 1316 ut
684 1255 802 1340 duplex
830 1258 1001 1338 periculum
1029 1253 1232 1331 demonstret,
1263 1253 1403 1334 Scyllam

299 1354 387 1404 sonat
400 1343 542 1402 barbaros
558 1352 587 1401 et
600 1341 786 1424 Charybdim
796 1346 922 1420 Persas,
943 1345 997 1426 qui
1010 1362 1071 1402 uno
1086 1339 1253 1422 eodemque
1264 1350 1402 1419 tempore

301 1450 337 1490 ao
358 1429 451 1488 simili
475 1447 595 1508 prorsus
621 1431 747 1490 oonsilio
771 1449 813 1488 ex
834 1427 952 1490 diram
976 1438 1062 1507 parte
1084 1429 1118 1485 in
1136 1429 1303 1506 perniciem
1314 1426 1402 1484 urbis

300 1518 537 1589 coniuraverunt,
559 1525 594 1572 ut
604 1525 706 1573 narrat
720 1512 917 1595 Nicephorius.
947 1508 1048 1593 σ’ίσιτερ
1063 1504 1315 1594 ἆναριρισοίριενοι
1327 1504 1402 1572 tet.

300 1623 382 1683 τεροι
401 1597 452 1663 τιίν
476 1595 628 1685 Θρηκιιιόν
649 1595 825 1680 Βόσπορον,
854 1599 972 1680 Πέρσαι
990 1599 1047 1678 μὲν
1065 1593 1138 1671 soris
1155 1601 1211 1676 τῆς
1229 1591 1403 1669 ’Λσιᾶιιδος

301 1687 408 1766 μοίρας
419 1678 596 1770 καθῄρουν,
616 1681 753 1771 ’Ἃβαροι
773 1683 807 1749 dl
826 1680 878 1750 τᾶν
890 1683 939 1749 lat
955 1678 1080 1768 Θρηίκης
1094 1679 1274 1766 διέφθειρον
1287 1684 1401 1762 χοῖρον.

301 1769 371 1830 vide
384 1769 563 1830 Heracliad.
580 1773 601 1832 2
622 1772 675 1834 74.

385 1859 459 1919 207.
502 1855 543 1913 cf.
560 1856 643 1913 Patr.
667 1861 681 1918 1
707 1853 726 1920 5
747 1859 780 1920 8.

385 1942 460 2002 209.
499 1933 609 2021 Ὀρθία
620 1941 724 2000 Lmsse
737 1942 789 2000 rel
800 1941 915 2000 Dianae
932 1938 1096 2000 Arcadicae
1111 1957 1289 2018 cognomen.
1331 1933 1402 1994 ‹lei-

300 2043 405 2104 pscam
418 2025 568 2102 virginem
580 2027 732 2104 intelligit,
755 2045 847 2107 qnam
860 2026 993 2104 Sergius,
1015 2036 1050 2086 ut
1063 2045 1138 2083 mox
1149 2024 1274 2104 patebit,
1292 2018 1403 2080 habuit

301 2113 334 2166 in
348 2109 429 2166 bello
446 2107 624 2168 adiutricem
642 2113 941 2189 praestantissimam.
986 2130 1054 2171 earn
1073 2103 1200 2190 σίπλανῆ
1215 2126 1276 2166 nors
1292 2110 1405 2164 mati-

303 2214 371 2252 cam
383 2194 433 2252 vel
446 2215 506 2252 non
514 2193 667 2273 fallacem
683 2207 787 2270 vocat,
810 2207 845 2254 ut
859 2193 982 2255 diabolo
1001 2202 1044 2282 spi
1061 2189 1199 2279 πλανήτῃ
1219 2192 1333 2251 errarsts'
1349 2193 1405 2251 vel

303 2279 452 2340 seductori
472 2289 613 2360 opponat.
658 2279 730 2340 dicit
748 2281 890 2360 Sergium
908 2279 1005 2348 ἕλκειν
1025 2282 1164 2361 precibus
1183 2280 1345 2358 virginem,
1366 2287 1405 2335 nt

302 2371 410 2444 poitae
433 2364 586 2446 quondam
609 2364 747 2426 dicebant
768 2369 874 2446 Magos
896 2368 958 2426 suis
978 2365 1231 2426 incantationibus
1252 2361 1291 2423 de
1317 2363 1404 2421 caelo

304 2470 426 2511 evocare
439 2454 569 2511 Lunam.
611 2455 693 2534 virg.
707 2455 773 2514 Ecl.
787 2457 809 2518 8
830 2457 884 2518 69.

387 2540 461 2601 218.
503 2540 670 2617 plurimum
681 2542 787 2599 tribuit
801 2536 905 2601 Pisida
915 2538 947 2599 vi
960 2539 1128 2598 orationum
1137 2536 1236 2617 Sergii
1249 2538 1282 2595 in
1298 2546 1406 2595 retun-

303 2618 411 2681 dendis
431 2622 628 2684 barbarorum
652 2626 818 2686 conatibus.
874 2620 1008 2683 historici
1028 2626 1149 2705 saepius
1169 2621 1286 2681 laudati
1307 2640 1405 2679 unum

301 2705 381 2765 illud
394 2717 556 2783 testantur,
583 2726 600 2765 a
615 2711 731 2787 virgine
744 2708 867 2789 deipara
883 2708 990 2767 urbem
1004 2710 1097 2770 fuisse
1112 2718 1327 2767 conservatam.
1372 2716 1406 2765 at

302 2791 426 2869 Sergius
441 2793 673 2871 supplicationes
685 2794 823 2873 publicas
836 2795 932 2869 iussit,
948 2804 978 2851 et
989 2796 1122 2873 primum
1133 2794 1325 2853 beatissimae
1338 2792 1404 2851 vir-

301 2878 391 2955 ginis,
414 2874 522 2935 deinde
536 2880 604 2937 lesu
612 2877 723 2939 Christi
732 2882 891 2939 servatoris
899 2882 995 2939 nostri
1007 2883 1173 2959 imaginem
1179 2898 1274 2939 manu
1285 2889 1404 2951 tenens,

301 2962 413 3042 populo
434 2964 574 3023 universo
593 2967 771 3041 comitante,
805 2968 927 3025 moenia
945 2966 1028 3027 urbis
1046 2966 1139 3039 obiit3
1170 2960 1205 3023 id
1226 2964 1406 3025 continuant

302 3049 441 3127 geminae
458 3045 495 3107 de
509 3049 590 3108 bello
603 3052 732 3111 Abarioo
745 3053 948 3128 narrationes,
971 3070 1046 3133 quas
1062 3049 1145 3113 hisce
1160 3048 1405 3109 adnotationibus

283 3126 448 3195 ”subiicere
470 3153 578 3213 operae
599 3139 731 3215 pretium
750 3135 893 3195 duximus
903 3133 944 3213 *).
985 3134 1062 3194 llaec
1082 3146 1153 3195 sunt
1169 3137 1262 3215 igitur
1274 3130 1310 3195 τιί
1325 3138 1405 3195 θεῖα

302 3212 506 3300 τεχνάσματα,
529 3239 605 3301 quae
621 3221 812 3281 commendat
821 3218 935 3280 Pisida.
976 3224 1106 3300 primam
1120 3242 1192 3281 sane
1206 3220 1404 3300 supplicatio-

302 3322 375 3361 nem
394 3323 464 3363 onm
478 3308 603 3383 virginis
627 3305 767 3385 deiparae
786 3310 874 3366 icone
893 3307 1005 3365 factam
1015 3305 1177 3387 indigitat,
1199 3326 1235 3365 ao
1243 3313 1406 3386 propterea

302 3406 399 3465 nuper
413 3387 491 3447 dixit
506 3388 601 3455 ἕλκων
617 3386 740 3471 οίπλανῆ
753 3388 810 3472 την
823 3386 964 3475 Ὀρθίαν.

310 3542 311 3545 ¹
387 3472 461 3537 215.
503 3486 610 3552 poetae
639 3474 782 3537 dixeram
801 3479 940 3558 gigantes
959 3496 1024 3539 esse
1046 3477 1125 3537 filios
1145 3476 1272 3536 telluris.
1313 3468 1403 3533 ovid.

361 3724 399 3799 '*)
417 3729 533 3785 Subiecit
543 3728 688 3799 Qcmsins,
712 3746 770 3785 cam
778 3729 873 3797 tynae
884 3730 1037 3800 λαίλιίιω,
1064 3730 1109 3805 qni
1118 3736 1179 3817 post
1188 3730 1279 3785 urben
1289 3729 1405 3783 nram

301 3798 433 3857 obsidione
449 3799 583 3855 liberatam
600 3798 633 3853 ab
650 3800 760 3853 ecclesia
771 3800 876 3855 Graeca
892 3808 1000 3873 coeptus
1016 3806 1057 3857 est
1075 3818 1146 3869 cant,
1165 3806 1193 3854 et
1203 3798 1336 3853 lectionem
1347 3795 1404 3849 eius

319 3884 352 3920 nc
362 3870 462 3923 canitur
472 3868 521 3925 diei
534 3876 562 3923 et
572 3868 699 3938 διήγησιν
711 3865 856 3937 ω’φέλιμον
866 3866 896 3923 tn
906 3873 1030 3932 παλαῑας
1043 3869 1155 3937 inopius
1167 3871 1341 3954 cullsyeises
1354 3862 1404 3917 sal

193 3999 197 4011 .
300 3886 378 4005 dacin
430 3958 458 3993 ιν
472 3939 614 4008 δηλοῦσαν
629 3938 682 3992 τοῦ
700 3937 871 4006 παραδόξως
882 3937 1035 4007 νννομλνοτ
1048 3937 1214 4008 amsans,
1230 3937 1317 4006 ηνίπα
1330 3930 1403 4021 Πλη-

300 4020 378 4060 sose
418 4006 560 4079 βάρβαροι
571 4006 624 4077 τὴν
637 4005 887 4079 βασιλίιλιιταιίτην
898 4007 984 4065 πόλιν
992 4008 1225 4147 agnitiones,
1235 4004 1267 4060 αλ
1278 4002 1312 4062 tt
1323 3998 1403 4059 τίπο-
1503 4033 1504 4036 ¹

985 4094 1001 4133 σ

300 4076 566 4165 ίοποθείαιθίνηη
580 4096 616 4133 ιιι
645 4075 764 4143 αθίντες
788 4070 983 4146 ἡθὲκόλιςσί
1049 4078 1313 4148 ςπαρατηρηθεῖσα
1323 4087 1406 4142 8086·

300 4142 389 4231 ριίαις
410 4144 461 4212 τῆς
477 4096 746 4216 θεοτοκααιίτησίως
763 4120 793 4199 ds
806 4144 872 4201 τότε
883 4141 949 4221 ᾄδει
962 4143 1170 4217 ειίηαριςήριαν,
1194 4140 1341 4229 dedisses
1353 4137 1406 4210 τήν

300 4209 410 4283 ημίραν
424 4214 664 4301 νατονομάζοασα.
699 4216 873 4299 sed-hymnus
892 4223 919 4271 st
931 4216 1008 4269 lectio
1023 4218 1132 4273 inlibris
1142 4214 1278 4270 ritualibus
1288 4215 1406 4267 Graeco·
1503 4241 1504 4278 3
