3017 4900
256 307 330 382 us
503 299 715 392 omacius
739 303 787 372 n
810 303 1116 411 nemmem

254 469 421 558 vocatricis
429 468 652 560 celsiorique,
664 491 700 532 eo
715 470 798 556 quod
808 474 870 554 ipsi
880 474 942 532 late
954 473 1111 552 pervagati
1123 471 1186 530 ianr
1200 469 1240 530 ad
1250 475 1370 532 {suum

255 559 463 622 consederant.
974 593 979 601 ·

339 649 413 712 ⁸19.
455 641 663 724 Theophanes
674 665 710 724 p.
728 643 792 710 256
805 643 897 703 refert
913 643 1088 702 Heraclium
1099 640 1226 703 rediisse
1237 641 1369 724 Byzan-

254 732 332 791 tium
347 749 426 790 anno
445 741 606 812 postquam
625 728 696 789 inde
718 739 822 788 contm
836 732 944 788 Persas
960 728 1155 789 dimicatum
1173 727 1370 802 discesserat,

255 815 310 877 sed
325 835 447 874 causam
460 818 575 875 reticet.
594 813 782 896 Nicephorus
789 816 964 894 (lpolitanus
972 825 1074 874 autem
1087 817 1189 872 omnia
1203 834 1370 894 perperam

255 900 444 962 confundens
460 899 498 960 de
511 899 569 960 hac
580 903 678 981 prime
692 898 888 980 expeditione
898 902 1032 959 Heraclii
1045 900 1164 958 nullam
1175 903 1371 960 mentionem

255 987 339 1046 facit.
382 985 458 1046 haec
477 997 580 1046 tamen
600 996 686 1046 erant
705 985 813 1046 sedulo
832 983 985 1062 notanda,
1012 1005 1051 1044 ne
1066 1004 1127 1067 qua
1140 987 1268 1044 orhetur
1280 985 1370 1044 diffi-

406 1064 408 1083 l

158 1146 159 1149 Ἴ
255 1075 363 1132 cultas.
405 1083 488 1152 petet
508 1074 591 1130 enim
612 1091 652 1132 ex
669 1071 773 1132 Pisida
794 1073 969 1130 Heraclium
992 1091 1072 1130 anno
1095 1073 1217 1150 imperii
1239 1074 1288 1130 sui
1312 1075 1367 1146 ts,

257 1155 370 1218 Christi
390 1162 452 1224 623
475 1177 515 1216 ex
533 1161 677 1217 Annenia
696 1161 731 1216 in
749 1155 914 1217 Thraciam
932 1176 1104 1230 reversum,
1133 1166 1168 1214 ut
1179 1155 1367 1235 foedifragos

258 1244 373 1302 Abares
388 1243 582 1321 reprime'ret3
611 1263 646 1304 ac
661 1244 758 1302 tribus
776 1253 844 1322 post
858 1244 945 1300 annis
961 1261 1031 1301 cum
1043 1240 1138 1299 iidem
1150 1242 1265 1301 Abares
1282 1243 1368 1320 Opo-

258 1329 315 1387 lim
331 1327 460 1407 diripere
476 1339 566 1408 atquc
584 1339 718 1387 evertere
731 1330 832 1386 moliti
845 1336 932 1403 sunt,
952 1329 987 1386 in
1000 1325 1126 1388 Perside
1138 1329 1295 1386 Heraclius
1307 1325 1367 1386 de-

260 1415 361 1493 gebat.
403 1411 474 1472 vide
488 1414 525 1472 de
540 1413 617 1472 bello
630 1414 732 1472 Avar.
747 1415 809 1477 246
825 1424 947 1492 etreqq.

345 1496 419 1566 824.
463 1497 561 1558 codex
575 1497 627 1558 hic
639 1497 731 1558 habet
745 1499 940 1573 versiculum,
967 1500 1022 1578 qui
1035 1495 1184 1577 legendus
1196 1516 1272 1556 mox
1281 1497 1367 1556 venit

262 1585 318 1644 suh
336 1603 462 1643 numero
479 1587 558 1649 328:
585 1581 665 1648 eisc
684 1581 718 1649 sd
731 1579 846 1648 πιστόν.
887 1602 943 1642 nos
961 1593 1108 1665 tanquam
1127 1579 1274 1668 περισσδν
1292 1585 1369 1641 reii-

263 1668 406 1730 ciendum
418 1691 483 1730 esse
496 1673 679 1749 putarimus.

349 1758 423 1820 886.
464 1751 668 1836 Theophanes
683 1753 757 1813 ihm.
783 1749 852 1817 dil
870 1749 1085 1835 percludetis
1104 1749 1232 1835 messis
1249 1749 1306 1816 osis
1323 1755 1371 1838 τῷ

263 1843 418 1924 στρατηγῶ
430 1837 603 1904 καταλιπών
617 1841 663 1918 εἰς
672 1834 831 1923 Ἀρμενίαν
847 1834 1077 1922 παραχειμάσαι,
1091 1835 1184 1914 αὐτᾶς
1196 1839 1241 1915 εἰς
1253 1833 1372 1914 liniris·

261 1947 328 1990 usos
338 1923 384 1989 ὑπ
400 1939 537 2008 moeurs.

282 2029 284 2036 '
348 2007 430 2076 840.Ι
465 2021 556 2091 saepo
586 2013 619 2069 in
650 2011 860 2071 ecclesiasticis
887 2012 1058 2071 auctoribus
1088 2011 1216 2070 occurrit
1242 2010 1370 2069 verbmn

261 2089 432 2238 ἓατορθὸω,
446 2114 507 2238 qlpic
518 2099 581 2155 rita
593 2093 633 2154 ad
641 2095 828 2243 Chrhtiplnag
840 2099 1263 2242 Vindfihffinffifflm
1272 2097 1370 2176 signi-

285 2191 385 2256 catur,
410 2191 445 2239 ut
492 2183 551 2240 cin
565 2192 678 2240 nostro.
720 2186 753 2242 vi
775 2203 792 2241 e
828 2185 894 2242 uice
1020 2225 1028 2240 .
1157 2185 1163 2198 '
1197 2192 1220 2240 t.

350 2264 424 2332 848.
469 2268 572 2328 confer
586 2287 680 2346 supro
693 2287 724 2326 ν.
744 2272 807 2333 182
821 2279 851 2326 et
861 2289 943 2348 seqq.
961 2267 1000 2327 de
1016 2267 1119 2328 Pisida
1133 2267 1262 2327 inbelle
1271 2267 1372 2326 corni-

262 2363 346 2412 tante
362 2353 551 2430 Heraclium,
580 2373 712 2436 quocum
731 2355 832 2415 multa·
849 2355 1071 2432 familiaritatc,
1093 2365 1127 2414 ut
1138 2352 1275 2432 videtur,
1296 2372 1372 2412 con-

262 2440 381 2499 iunctus
395 2438 465 2498 fuit.

269 2561 272 2570 ·
350 2522 424 2589 349.
469 2522 543 2605 quid
570 2522 656 2585 hisce
681 2528 791 2589 iambis
815 2528 892 2586 velit
912 2525 1034 2604 Pisida,
1073 2548 1135 2587 non
1164 2527 1239 2587 satis
1261 2526 1370 2607 liquet.

264 2628 389 2684 verum,
418 2611 452 2669 ni
464 2610 571 2684 fallor,
598 2608 649 2669 hic
664 2610 782 2671 adludit
798 2612 838 2671 ed
850 2614 1083 2673 severianorum
1095 2611 1265 2688 haeresim,
1292 2628 1370 2691 quae
1498 2653 1499 2692 7

264 2705 311 2753 tot
321 2695 424 2754 turbas
438 2697 580 2753 excitarit
594 2697 627 2753 in
643 2699 763 2756 Oriente
781 2708 812 2755 et
826 2700 965 2757 Heraclio
984 2700 1151 2780 imperante
1167 2697 1269 2758 adhuc
1284 2700 1370 2775 vige·
1498 2743 1499 2754 ,

265 2780 329 2839 bet.
370 2777 480 2839 idcirco
494 2790 597 2839 autem
610 2778 683 2840 dicit
703 2803 769 2842 esse
786 2782 903 2843 detecta
916 2788 1060 2865 mysteria
1074 2787 1260 2867 iniquitatis,
1289 2780 1372 2863 quod
1498 2803 1499 2808 ¹

267 2864 441 2941 Heraclius,
463 2874 498 2924 ut
510 2868 632 2946 opinor,
657 2865 715 2927 hoc
728 2872 828 2949 primo
840 2871 874 2928 in
888 2872 1010 2931 Oriente
1022 2872 1130 2950 itinere
1145 2880 1248 2950 aperte
1262 2867 1370 2949 depre-

268 2948 376 3011 hendit
402 2970 516 3011 errores
544 2954 621 3011 circa
640 2953 819 3034 religionem
839 2957 920 3015 inter
937 2954 1122 3016 Christianos
1143 2954 1333 3015 disseminari
1351 2972 1369 3013 a

197 3084 208 3108 ,
267 3036 385 3113 Persis,
410 3049 443 3096 ut
456 3038 586 3096 Romani
597 3040 676 3099 inter
688 3060 720 3099 se
734 3040 944 3100 dissentientes
957 3062 1071 3101 nouam
1083 3043 1222 3101 Heraclio
1239 3042 1370 3100 facesse-

269 3134 336 3182 rent
344 3126 513 3203 negotium,
529 3133 560 3182 et
571 3124 742 3185 Romanum
755 3127 917 3206 imperium
929 3146 992 3185 non
1003 3137 1121 3187 tantum
1137 3130 1268 3187 extemis
1277 3143 1369 3207 quam

268 3208 395 3268 internis
416 3218 605 3289 premeretur
624 3210 837 3272 incommodis.
879 3210 963 3294 quod
981 3231 1054 3273 sane
1069 3214 1103 3272 fit
1120 3214 1313 3273 manifestum
1327 3230 1369 3270 cx

265 3308 297 3350 v·
311 3294 352 3357 86
367 3304 395 3351 et
406 3314 488 3373 seqq.
507 3316 607 3373 poem.
627 3308 732 3356 contra
749 3297 893 3357 seeum
900 3320 915 3373 ,·
938 3298 992 3357 ubi
1013 3300 1101 3381 plura
1116 3301 1204 3360 nobis
1219 3307 1304 3359 erunt
1318 3294 1367 3355 di-

267 3375 364 3435 cenda
378 3376 416 3437 de
429 3376 488 3438 hoc
499 3381 594 3459 impio
606 3379 827 3442 haeresiarche.

354 3463 427 3528 851.
470 3466 634 3545 multiplex
647 3484 729 3526 error
740 3469 791 3527 vel
802 3466 901 3549 hydra
911 3481 975 3529 erat
986 3468 1120 3532 haeresis
1131 3472 1272 3547 Manetis,
1294 3488 1370 3552 quae

268 3564 310 3605 ex
330 3549 490 3607 Persarum
514 3547 719 3612 deliramentis
747 3564 813 3613 crta
839 3564 870 3613 et
890 3556 951 3614 late
970 3568 1135 3637 propagata
1152 3558 1253 3617 ririos
1274 3556 1371 3615 induit

266 3642 406 3713 aspectus
419 3635 475 3693 suh
489 3636 609 3695 Manae
623 3640 757 3718 primum
771 3641 855 3720 ipso,
878 3638 988 3701 deinde
1001 3644 1057 3702 suh
1073 3642 1228 3724 Eutyche,
1249 3640 1371 3701 demum

268 3720 325 3777 sub
339 3720 452 3781 Severo
466 3729 497 3779 et
510 3721 577 3781 aliis
590 3724 758 3784 innumeris
773 3723 938 3785 eorundem
952 3730 1086 3788 asseclis.
1128 3741 1160 3789 at
1173 3750 1255 3788 nnnc
1270 3726 1370 3787 Pisida

267 3800 347 3863 hanc
360 3804 490 3887 hydram
502 3826 597 3867 unam
608 3819 726 3868 tantum
741 3813 784 3870 ait
793 3810 972 3891 protendere
983 3816 1139 3891 cervicem,
1162 3817 1277 3875 scilicet
1290 3832 1371 3873 erro-

266 3906 333 3948 rem
346 3890 639 3973 monophysitarum,
662 3894 796 3955 Chosrca
807 3900 886 3957 vires
902 3909 932 3957 et
944 3903 1080 3959 animum
1092 3899 1315 3982 suppeditante.

354 3975 428 4040 868.
470 3976 542 4038 hinc
562 3980 681 4041 ridetur
698 4001 787 4063 posse
810 3985 917 4043 coniici
929 3987 1103 4044 Heraclium
1114 3990 1147 4045 in
1159 3988 1304 4046 Armenia
1319 3982 1373 4043 de·

269 4068 392 4138 gentem
406 4080 475 4121 oum
488 4066 591 4145 aliquo
603 4066 723 4126 doctore
733 4066 947 4148 Menophysita
962 4090 1064 4130 coram
1073 4071 1176 4133 Pisida
1188 4071 1371 4153 disputasse3

169 4226 175 4233 Ι
271 4162 308 4203 ac
319 4148 621 4225 proptereaPisidam
634 4151 732 4211 dicere
747 4172 780 4211 ae
793 4156 896 4213 mirari
907 4153 966 4214 hoo
979 4154 1094 4236 hydrae
1105 4160 1218 4218 collum
1230 4178 1292 4216 non
1307 4174 1371 4214 esse

271 4241 444 4309 exsectum,
472 4245 633 4315 postquam
645 4240 678 4295 in
693 4238 871 4315 Herculem,
897 4238 991 4300 idest
1004 4244 1194 4319 Heraclium,
1215 4242 1371 4303 inciderat.

270 4312 354 4403 hunc
371 4329 474 4381 eutem
494 4318 648 4382 doctorem
664 4322 760 4384 fuisse
775 4326 917 4387 Paullum
931 4327 1140 4409 Severianum,
1162 4348 1294 4411 quocum
1309 4329 1371 4388 lie·
