3017 4900
249 352 299 426 98
498 353 710 438 QUEliClUS
732 354 780 424 IN
803 353 1110 426 EXPEDITIONIS

335 525 408 587 132.
449 523 613 588 minimum
637 521 807 604 discrepant
833 525 924 586 ceteri
952 523 1104 599 historici,-
1136 520 1352 604 Theophanes,

249 604 419 685 cedrenus,
441 611 574 669 Zonaras
595 608 1052 693 etNicephorus,qi1iomnes
1075 609 1236 668 adfirmant
1254 613 1353 668 llere·

251 695 345 752 cllum
363 713 441 754 anno
457 696 577 774 imperii
593 696 641 755 sui
656 697 711 770 12,
734 695 846 758 christi
859 701 939 772 622,
960 717 1031 756 eum
1050 698 1113 755 iam
1130 692 1248 754 Pascha
1269 697 1353 754 cele-

179 843 183 854 ,
249 781 380 856 brasset,
402 781 530 840 statim
521 799 553 838 ιι
570 778 725 856 Persidem
740 784 919 860 perrexisse.

335 867 408 932 189
450 867 484 924 in
505 851 608 932 codice
628 867 735 936 solitus
756 887 861 928 censor
881 861 1069 948 σεβάσμιοι·
1060 887 1093 924 ιι
1107 818 1274 948 σεβισμιιν
1292 885 1352 926 ιι-

248 951 374 1012 luisset
364 952 529 1012 immutari

334 1034 407 1100 1·.40
450 1039 616 1116 imaginem
635 1011 865 1121 ἆχιιριπιιηιιν
882 1034 1040 1113 describit,
1062 1035 1102 1096 de
1122 1047 1183 1119 qua
1201 1034 1350 1097 ridendus

247 1123 404 1188 Gretsarus
420 1123 458 1182 cle
471 1123 572 1202 Insag.
592 1143 653 1182 ιιιιι
665 1124 785 1203 mnus.
802 1123 976 1202 tom.15p
994 1125 1070 1198 199;
1093 1142 1190 1204 aquo
1206 1120 1351 1203 equidem

145 1205 147 1210 ’
247 1210 330 1268 ineo
347 1206 506 1283 dissentio,
529 1206 901 1290 quodputettmevmem
922 1210 1132 1290 quamunitas
1148 1210 1352 1268 Heracliusiu

247 1290 404 1372 l’ersidern
419 1293 545 1374 irrupit,
567 1294 660 1354 fuisse
681 1293 877 1376 archetypam
897 1294 1176 1354 canurlianansemr
1197 1304 1229 1354 at
1245 1293 1350 1372 paullo

248 1389 317 1438 ante
331 1400 370 1457 p.
389 1381 451 1444 198
474 1399 515 1439 ex
538 1381 710 1458 Menologio
731 1383 797 1461 ipse
818 1390 943 1440 noverat
960 1399 1000 1438 na
1019 1382 1126 1458 Sergio
1147 1377 1271 1461 quidem
1291 1399 1352 1458 pe-

248 1461 396 1524 triarchae
417 1466 538 1526 licuisse
559 1485 628 1526 eam
647 1468 791 1541 retinere,
816 1475 848 1524 et
870 1467 987 1525 visione
1008 1463 1141 1547 quadam
1158 1464 1349 1544 perterritum

249 1551 387 1610 coenobii
401 1549 557 1616 cuiusdam
570 1551 754 1631 virginibus,
776 1570 799 1610 a
811 1551 921 1652 quibus
937 1552 1024 1611 illam
1036 1549 1223 1625 abduxerat,
1244 1547 1349 1610 reddi-

248 1634 340 1696 disse.
372 1635 543 1718 quomodc'
534 1639 628 1716 igitur
640 1635 791 1696 eandem
782 1638 947 1738 maginem
960 1637 1116 1696 Heraclius
1129 1656 1231 1696 secum
1243 1655 1349 1714 aspor-

246 1723 368 1782 tasset
359 1743 393 1780 ιι
409 1719 588 1782 Ριιιιιιιιιι
632 1720 774 1802 equidem
796 1742 903 1782 censeo
922 1723 1106 1801 imaginem,
1128 1741 1221 1802 quam
1241 1717 1350 1779 habuit

247 1810 424 1886 isuperator,
445 1827 508 1866 ιιι
532 1807 626 1867 fuisse
649 1807 914 1867 Camulianensem
933 1805 989 1866 sed
1012 1807 1105 1867 aliam
1125 1824 1167 1866 ex
1186 1803 1349 1885 archetypa

249 1891 404 1953 Edessena
428 1894 649 1952 accuratissime
667 1892 871 1953 effounatam:
892 1895 965 1956 satis
982 1895 1065 1952 enim
1081 1903 1202 1972 aperte,
1223 1903 1258 1951 nt
1270 1889 1356 1950 mihi·

250 1975 387 2053 ridetur,
406 1977 510 2038 Pisida
523 1975 725 2056 Edessenam,
748 1997 826 2060 qrtae
840 1997 859 2036 a
870 1975 988 2038 christo
1002 1982 1071 2039 lesu
1085 1979 1178 2038 linteo
1190 1980 1348 2057 impressa,

250 2075 281 2124 et
293 2062 333 2121 ad
344 2063 500 2143 Abgarum
511 2067 605 2124 missa
618 2061 740 2138 dicitur,
764 2061 815 2123 hic
828 2061 981 2143 designat,
1004 2065 1164 2140 subiiciens
1176 2062 1348 2142 eamfm'sse

248 2149 444 2228 acupictura
455 2147 495 2208 ab
509 2151 574 2228 ipm
585 2147 672 2208 verbo
675 2151 864 2232 figmatom·
886 2148 968 2231 quod
982 2149 1106 2231 quidem
1120 2147 1234 2209 desolo
1247 2146 1348 2208 Edes-

249 2253 323 2296 sena
340 2233 486 2296 traditum
503 2238 682 2316 accepimus.
724 2254 798 2294 nam
814 2233 852 2294 de
868 2237 1091 2296 Carnulianensi
1107 2233 1203 2309 unde,
1225 2243 1256 2292 et
1289 2253 1348 2292 uo-

246 2318 339 2382 modo
352 2321 444 2382 firerit
456 2319 627 2398 efformata,
649 2322 739 2401 plane
755 2341 817 2380 non
829 2332 962 2382 constat:
984 2333 1014 2381 et
1025 2323 1162 2403 quamvis
1173 2322 1251 2378 inter
1265 2339 1350 2399 ιχει·

153 2482 157 2492 ἱ
245 2429 430 2490 ιοιιιιητοις
451 2408 601 2489 imagines
622 2407 806 2483 celebretur,
835 2427 898 2467 non
918 2405 1027 2468 desunt
1046 2419 1147 2467 tamen
1167 2407 1221 2488 qui
1240 2414 1349 2486 putent

245 2491 433 2553 Edessenam
451 2486 659 2553 tantummodo
681 2514 716 2553 eo
733 2495 859 2553 nomine
875 2496 980 2553 recte
970 2495 1124 2573 insigniri,
1147 2494 1279 2573 reliquas
1289 2509 1346 2550 ιι-

244 2591 325 2655 tem,
346 2598 386 2637 ne
407 2579 632 2639 camulianensi
648 2577 773 2661 quidem
790 2590 931 2660 excepta,
954 2599 994 2637 ex
1010 2599 1046 2638 ea
1060 2597 1163 2638 omncs
1180 2578 1274 2636 luisse
1289 2596 1347 2636 ex-

244 2684 363 2745 pressas
375 2674 405 2722 et
420 2667 596 2743 exscriptas.
639 2683 745 2723 verum
763 2684 833 2722 cum
849 2664 1027 2723 Edessena
1017 2684 1099 2745 rma„
1082 2683 1193 2723 conon
1209 2674 1278 2721 ante
1290 2682 1346 2721 an-

243 2770 318 2808 num
339 2746 451 2807 Christi
472 2748 534 2815 944
558 2750 701 2807 ιιιιιιιιι
723 2750 816 2807 ιιιιιι
836 2750 972 2829 cpolim,
994 2761 1077 2829 patet
1094 2748 1268 2808 Heraclium
1284 2767 1347 2806 non

243 2828 440 2918 αι’τόγριφιν
452 2828 542 2892 sed'
522 2829 700 2915 ιιιὸγριφιν
713 2834 746 2892 in
759 2834 953 2915 expeditione
967 2838 1088 2894 Persica
1101 2854 1204 2894 secum
1216 2839 1347 2893 circum·

242 2922 360 2981 tulisse.
410 2916 485 3000 quid
504 2918 587 3001 quod
605 2918 758 2979 cedrenus
775 2940 812 2999 p.
832 2918 895 2985 406
916 2921 1107 2980 salvatoris
1098 2922 1263 2999 imaginem
1282 2938 1345 2977 non

243 3006 449 3067 manufactam
462 3026 503 3065 ex
513 3006 615 3064 Africa
628 3026 731 3065 secum
745 3004 909 3065 adduxisse
922 3007 1094 3065 Heraclium
1106 3000 1228 3083 narrati
1270 3023 1347 3062 num

243 3089 320 3152 haec
340 3111 459 3174 quoque
479 3090 539 3149 fuit
562 3091 817 3166 Camulianensis,
839 3101 873 3149 ut
895 3093 1033 3150 Gretsero
1054 3088 1176 3170 placati
1217 3090 1344 3147 minime

174 3200 180 3217 ·
243 3198 333 3255 vero,
355 3175 410 3237 sed
427 3175 535 3236 eadem
549 3177 620 3252 illa,
643 3186 677 3235 ιι
689 3198 787 3255 nuper
803 3135 946 3252 diximus,
968 3197 1010 3235 ex
1023 3175 1177 3236 Edessena
1190 3192 1343 3254 expressa.

243 3264 341 3323 fateor
359 3274 463 3321 tamen
480 3282 542 3321 non
560 3263 689 3321 multam
710 3261 802 3320 fidem
823 3260 1026 3337 adhibendam
1038 3283 1103 3321 esse
1116 3260 1266 3335 cedreno,
1289 3260 1344 3340 qui

243 3350 392 3407 nonsatis
405 3347 575 3426 diligenter,
596 3351 674 3406 utin
689 3359 840 3428 comperto
857 3358 911 3423 est,
933 3345 1154 3429 Theophanem
1168 3347 1343 3425 exscripsit,

245 3450 307 3513 quo
333 3431 459 3511 quidem
477 3433 551 3491 vitio
574 3432 690 3491 laborat
721 3437 813 3492 etiam
839 3436 983 3493 Zonaras.
1037 3431 1241 3511 Theophanes
1261 3432 1346 3489 enim

239 3538 277 3596 p.
294 3516 356 3581 260
380 3514 430 3574 dei
452 3520 574 3591 matris,
595 3536 657 3576 non
681 3519 766 3576 verbi
791 3517 887 3578 divini
906 3521 1071 3598 imaginem
1087 3516 1228 3577 habuisse
1245 3518 1345 3575 Hera·

183 3653 190 3668 s
245 3604 340 3661 olium
355 3602 461 3675 refert,
483 3611 550 3659 tum
565 3622 634 3661 cum
650 3605 784 3683 primum
799 3624 840 3663 ex
855 3605 957 3663 Africa
972 3606 1092 3685 cpolim
1105 3607 1206 3677 venit,
1226 3612 1262 3660 ut
1274 3621 1346 3659 me-

244 3688 305 3748 lius
320 3646 531 3767 explanabitur
547 3685 586 3746 ad
600 3688 780 3748 Heractmd.
796 3695 817 3753 2
841 3688 1343 3755 14.seddubium0mnin0t01-

243 3772 302 3831 lit
293 3794 359 3854 rpse
373 3772 492 3845 Pisida,
521 3776 574 3852 qui
583 3776 616 3831 in
612 3776 766 3873 proxima
778 3777 903 3835 Acrossi
915 3795 946 3834 ι.
958 3779 1000 3839 87
1012 3778 1084 3834 satis
1097 3784 1197 3854 aperte
1210 3770 1344 3829 declaret

244 3876 306 3917 non
329 3856 432 3922 εικόνι
444 3816 533 3919 sed’
514 3852 714 3939 ιιιιικὸιιιμι
727 3882 782 3923 τοι
771 3855 974 3943 θιιγριιφιι
986 3854 1084 3923 τόποι
1100 3861 1193 3919 tuisse
1208 3856 1342 3957 effigiem

243 3960 303 4023 qua
316 3962 389 4003 usus
406 3955 451 4005 est
464 3945 630 4003 Heraclius.
674 3956 774 4004 ratum
791 3947 883 4025 igitur
903 3945 1083 4026 firmumque
1100 3948 1156 4020 ιιι,
1176 3945 1343 4021 imaginem

123 4066 126 4074 -
241 4048 260 4087 a
274 4028 436 4105 religioso
428 4041 607 4109 imperatore
621 4029 818 4091 inPersidem
834 4032 958 4090 allatam
970 4031 1064 4090 fuisse
1076 4026 1344 4093 ικιιιιιΕᾶιιιο·

241 4130 316 4172 nae:
339 4114 601 4174 Cumulianensem
615 4126 717 4175 autem
729 4116 770 4175 ad
780 4115 965 4196 praesidinm
977 4116 1061 4175 urbis
1077 4116 1115 4175 ab
1130 4134 1167 4175 ec
1179 4114 1274 4173 fuisse
1291 4134 1345 4172 re·

115 4241 118 4250 .
242 4200 362 4273 lictum,
384 4196 464 4278 quod
484 4219 524 4260 ex
537 4198 697 4260 Adaribus
711 4203 820 4262 clarius
833 4200 997 4282 apparebit.

326 4282 400 4349 144
443 4281 657 4385 Theophanis,
679 4288 732 4367 qni
751 4286 888 4347 Pisidam
906 4306 970 4344 non
990 4286 1091 4368 sequi
1099 4280 1154 4343 sed
1172 4281 1341 4342 exscribere

242 4365 378 4445 ridetur,
399 4370 490 4429 rerba
504 4372 567 4431 suis
580 4389 717 4453 quaeque
727 4372 803 4433 locis
815 4370 1026 4451 respondentia
1041 4363 1200 4431 subtexere
1213 4366 1341 4441 iurabit,
