3017 4900
379 431 435 498 AD
461 429 742 502 NIGEPHORUM
758 434 916 513 Notat„
1123 437 1197 511 113

89 589 183 678 piper.
227 614 347 658 causam
373 605 436 658 tam
459 599 621 679 pertinacIs
641 617 744 660 moras
760 599 865 659 nullus
881 595 1091 661 historicorum
1110 599 1199 661 affert

90 691 217 761 praeter
230 678 310 742 hunc
325 679 544 763 Nicephorumt
566 703 637 744 saue
652 685 735 744 euim
748 683 816 743 licto
831 685 885 744 illo
900 681 1041 746 (lhosrois
1054 685 1198 748 mandato

91 767 148 826 vel
168 767 279 826 invitus
296 768 439 827 substitit.
481 778 513 827 at
532 769 614 828 enim
628 769 749 828 turbem
764 768 916 829 cedrenus
933 788 969 830 se
983 767 1198 852 Theophanes,

94 849 173 910 dum
185 870 213 910 a.
225 854 358 911 Heraclii
374 857 412 916 17
425 872 575 934 pugnasse
588 851 620 912 id
632 855 844 934 imperatorem
856 854 1010 930 scribunt,
1027 867 1062 915 ut
1073 853 1198 916 Chosroi

93 945 241 996 terrorem
260 938 421 1012 obiiceret,
443 957 503 1019 quo
525 941 552 998 is
571 939 735 998 Sarbarum
747 959 766 998 a
780 941 918 1018 Byzantii
929 937 1090 1001 obsidione
1109 960 1199 1002 revo-

94 1029 189 1080 caret.
232 1025 345 1082 etenim
361 1025 389 1082 si
403 1019 462 1082 hoc
477 1033 631 1104 tantopere
649 1023 788 1084 studebat
803 1025 975 1100 Heraclius,
997 1023 1072 1108 quid
1087 1028 1200 1086 attine-

93 1105 148 1166 bat
164 1118 337 1166 revocatum
352 1107 482 1168 eundem
499 1113 716 1172 commenticiis
729 1111 824 1170 literis
838 1106 989 1169 retinerei
1032 1109 1088 1171 sed
1104 1113 1200 1170 nimi-

95 1211 167 1250 rum
190 1202 260 1250 ante
280 1195 440 1252 avariam
462 1192 578 1256 cladem
598 1215 633 1254 ac
650 1196 781 1256 solutam
794 1196 932 1276 Byzantii
946 1193 1135 1256 obsidionem
1150 1216 1201 1254 re-

95 1273 217 1336 trahere
240 1277 402 1338 Sarbarum
425 1280 536 1356 voluit,
557 1301 597 1340 ne
619 1301 636 1340 a
657 1279 775 1342 duobus
787 1281 1004 1362 potentissimis
1017 1281 1201 1347 exercitibus

97 1363 327 1443 opprimeretur.
369 1363 451 1424 idem
467 1365 518 1426 ubi
532 1365 659 1426 feliciter
670 1365 709 1428 sd
720 1367 827 1426 urbem
839 1377 925 1447 gesta
936 1367 1038 1426 omnis
1049 1368 1200 1445 cognorit,

97 1449 206 1508 attritis
220 1467 331 1528 magna
346 1470 386 1508 ex
400 1461 484 1530 parte
501 1450 640 1512 Chosrois
654 1453 787 1528 viribus,
808 1473 847 1512 ne
863 1471 933 1512 cum
947 1453 1115 1512 recentibus
1127 1452 1202 1512 Sar-

97 1532 166 1592 bari
188 1537 281 1613 copiis
302 1535 532 1596 instaurandum
554 1549 705 1598 certamen
726 1549 822 1613 esset,
843 1539 929 1597 nullo
948 1548 1000 1596 aut
1013 1537 1075 1598 leri
1094 1535 1203 1597 dome-

98 1619 173 1677 stico
201 1622 335 1698 periculo
366 1620 407 1680 ad
434 1620 655 1683 Chalcedonam
674 1625 851 1684 commorari
868 1641 977 1702 passm
1000 1634 1056 1682 est.
1098 1624 1201 1704 itaque

98 1721 177 1784 quae
204 1723 223 1762 a
248 1704 383 1766 cedreno
405 1727 441 1766 sc
462 1705 651 1787 Theophane
673 1721 849 1782 narramur,
881 1729 918 1766 ea
942 1707 1042 1766 alieno
1065 1718 1201 1790 tempore

99 1799 240 1868 usurpata
261 1790 301 1850 ad
316 1795 487 1871 superiores
509 1813 605 1853 annos
626 1794 783 1853 referenda
795 1803 875 1852 ssmt.
917 1795 1009 1872 longe
1023 1795 1143 1874 gravior
1156 1801 1203 1853 est

100 1873 288 1934 Constantini
309 1877 456 1938 Manassis
478 1880 511 1936 in
536 1876 594 1937 hac
617 1876 742 1938 historia
762 1881 882 1960 lapsus,
913 1881 966 1959 qui
986 1875 1140 1938 Clmsroen
1158 1879 1202 1936 ait

98 1959 279 2038 Byzantium
298 1981 396 2043 usque
419 1965 586 2022 exercitum
608 1961 748 2039 duxisse,
781 1984 873 2048 quem
891 1962 1017 2045 quidem
1033 1985 1090 2044 per
1110 1961 1202 2026 duces

100 2063 171 2104 suos
193 2044 349 2106 absentem
362 2048 474 2106 ,omnia
496 2050 624 2126 gessisse
647 2060 773 2110 constat.
822 2068 911 2130 porro
936 2049 1039 2109 literas
1060 2047 1201 2128 deinceps
1217 2059 1294 2118 1³69

101 2129 177 2188 alias
197 2149 216 2188 a
237 2127 369 2191 Chosrod
385 2133 492 2191 missas
507 2145 535 2192 at
551 2152 570 2191 s
581 2135 725 2195 Romanis
742 2137 921 2212 interceptas
933 2133 1123 2214 Sarbaroque
1137 2144 1203 2193 tra-

101 2211 179 2273 ditas
197 2225 320 2274 narrant
339 2214 543 2298 Theophanes
562 2229 592 2277 et
608 2217 772 2279 cedrenus.
814 2237 920 2276 rerum
934 2237 988 2276 eae
999 2237 1061 2278 non
1075 2217 1115 2278 ad
1128 2219 1201 2280 Sar-

101 2298 208 2444 paruqu
223 2302 367 2380 scriptae,
388 2301 444 2362 sed
458 2299 495 2362 de
511 2322 547 2361 eo
558 2289 694 2365 necando
705 2303 744 2364 ad
758 2303 906 2382 collegam
919 2301 1132 2364 Cardariolsam
1145 2303 1202 2362 ds·

12 2397 13 2408 ¹
115 2401 150 2444 aa
199 2395 293 2445 erant.

185 2490 216 2551 p·
235 2472 274 2537 19
290 2489 321 2531 v·
340 2474 389 2537 16.
411 2464 675 2555 Ἀδορυαδιγᾶνου]
691 2470 885 2552 Androegam
894 2473 1049 2532 nominare
1062 2469 1203 2533 videntur

99 2552 193 2615 iidem
208 2556 256 2615 illi
273 2558 441 2635 scriptores,
463 2578 534 2617 cum
547 2556 669 2619 tradunt
683 2556 832 2617 Chazaros
847 2578 901 2638 per
914 2559 1038 2637 Caspias
1052 2568 1154 2637 portas
1167 2560 1202 2617 iss

100 2639 278 2721 Androegae
293 2644 449 2721 regionem
464 2644 652 2723 eruptionem
667 2643 785 2703 iecisse.

183 2746 216 2805 p·
230 2732 272 2793 20
288 2747 318 2785 v.
335 2732 363 2791 1.
408 2726 441 2789 oi
454 2724 640 2809 diuersos]
664 2748 767 2787 rursus
782 2730 896 2787 Avares
913 2745 931 2785 a
945 2723 1078 2788 chosroe
1096 2728 1202 2787 solici-

100 2812 156 2871 tati
172 2810 212 2869 ad
226 2812 332 2869 urbem
348 2810 522 2870 adveniunt.
559 2811 642 2893 quod
653 2833 680 2877 a.
695 2815 727 2873 0.
741 2813 804 2877 625
821 2814 913 2891 vulgo
927 2812 1072 2872 tribuunt.
1094 2832 1203 2876 verum

101 2898 240 2977 sequenti
253 2898 353 2975 potius
368 2915 448 2955 auno
461 2895 605 2977 quadrat,
634 2909 667 2955 ut
684 2919 725 2957 ex
739 2898 947 2957 Alexandrino
963 2896 1111 2958 Chronico
1127 2918 1202 2957 cou-

102 2992 178 3057 stat,
207 2984 241 3039 in
261 3002 321 3063 quc
336 2978 450 3061 duplex
466 2984 530 3041 eius
546 2980 698 3041 character
712 2982 849 3042 traditur.
894 2984 1007 3041 etenim
1023 2982 1130 3044 iudiot.
1150 2981 1202 3058 14,

102 3066 232 3127 Heraclii
247 3068 303 3143 16,
330 3077 399 3147 post
411 3069 475 3127 eius
489 3068 678 3127 consulatum
692 3068 750 3143 15,
780 3068 913 3127 Heraclii
924 3088 995 3127 vero
1008 3069 1135 3128 iunioris
1151 3068 1203 3143 14,
1332 3088 1335 3095 ·

102 3170 206 3211 mense
220 3153 319 3227 Maio,
353 3149 402 3211 die
425 3150 482 3228 14,
515 3152 590 3235 feria
610 3150 649 3229 4,
677 3144 759 3238 αὐτῇ
778 3158 818 3238 τῇ
837 3150 910 3237 ἁγίᾳ
930 3156 1203 3236 μεσοπεντηκοσιῇ,

103 3234 224 3297 scholae
252 3248 354 3298 contra
371 3242 516 3297 Ioannem
534 3240 669 3298 Sismum
687 3238 830 3299 seditiose
850 3240 1024 3297 convenisse
1050 3235 1202 3297 dicuntur.

104 3320 163 3383 duo
180 3320 273 3401 haec,
295 3324 440 3383 nunirum
454 3324 530 3383 feria
545 3326 567 3387 2
585 3327 660 3383 Maii
676 3322 717 3389 14
732 3334 763 3383 et
774 3325 817 3387 25
834 3320 899 3383 dies
913 3340 931 3380 a
946 3318 1100 3403 paschate,
1121 3340 1202 3403 quae

103 3418 149 3467 est
169 3402 445 3489 μισοπεντηκοστὴ,
476 3412 597 3471 ssonnisi
619 3430 689 3469 cum
709 3430 737 3469 a.
749 3410 783 3469 C.
798 3409 863 3471 626
884 3410 1050 3487 comparari
1063 3416 1200 3489 possunt,

105 3494 188 3573 cyclo
202 3495 291 3553 lunae
307 3494 361 3569 19,
382 3494 455 3553 solis
470 3492 549 3575 apud
565 3497 738 3577 cpolitanos
753 3505 784 3554 et
796 3514 838 3553 ex
848 3495 978 3553 Maximi
989 3491 1132 3555 methodo
1149 3490 1202 3557 14.

104 3580 249 3639 terminus
264 3576 415 3659 paschalis
430 3581 544 3661 Aprilis
560 3582 611 3644 17.
654 3591 862 3641 concurrentes
877 3581 941 3639 sire
958 3589 1080 3657 epactae
1093 3580 1201 3643 solis2

105 3683 173 3723 cum
187 3666 373 3743 regularibus
387 3670 407 3730 8
420 3668 476 3743 τῆς
488 3666 643 3740 comecias
660 3665 732 3725 dant
742 3668 851 3725 feriam
862 3664 894 3729 6.
925 3683 1018 3745 quare
1031 3662 1201 3743 suspulis

105 3746 254 3809 dominica
267 3748 432 3831 paschalis,
449 3752 573 3811 literali
585 3750 665 3833 apud
676 3753 846 3827 Romanos,
861 3752 945 3831 cyclo
958 3750 1093 3811 solis19·
1107 3749 1202 3831 quin·

106 3838 279 3917 quagesima
301 3834 373 3895 inda
390 3834 473 3911 dies,
494 3834 554 3898 hoc
571 3848 616 3897 est
635 3829 821 3917 πεντηκοστή
830 3879 841 3913 ,
862 3837 986 3901 81unii.
1029 3844 1061 3892 at
1074 3832 1117 3899 25
1134 3834 1200 3894 sire

105 3918 361 4002 usooaemqsomq'
376 3924 451 3983 ussit
465 3922 523 4000 14,
543 3924 620 3983 feria
632 3921 663 3999 4,
685 3935 719 3983 ut
732 3925 821 3983 estin
832 3918 991 3981 chronico.
1034 3930 1201 3999 sequuntur

107 4004 230 4065 totidem
247 4008 299 4067 elii
324 4004 518 4069 characteres.
561 4010 643 4089 prior
658 4028 690 4091 p·
704 4012 782 4083 896,
814 4006 868 4068 ubi
886 4009 928 4071 29
949 4004 1028 4067 Iunii
1049 4002 1201 4065 dominica

105 4090 196 4153 fuisse
213 4092 357 4171 proditur,
378 4094 454 4154 alter
473 4116 505 4175 p.
522 4096 595 4170 901,
617 4094 671 4153 ubi
686 4094 849 4173 Augmti2
865 4090 929 4151 dies
944 4092 1020 4151 feria
1034 4094 1055 4153 t
1068 4100 1201 4151 notatur.

107 4179 197 4256 igitur
213 4177 299 4237 litera
320 4176 401 4239 dom.
424 4182 462 4241 E.
507 4175 589 4262 quod
610 4179 650 4241 ad
669 4176 826 4239 historiam
840 4178 1016 4257 (ipolitauae
1038 4174 1201 4235 obsidionis

106 4264 211 4323 attinet
228 4283 263 4322 ac
281 4264 466 4323 liberationis
486 4263 623 4325 eiusdem
635 4266 672 4324 B.
686 4266 820 4345 Virginis
836 4284 894 4345 ope
906 4282 942 4322 ac
957 4264 1123 4343 patrocinio
1135 4278 1202 4318 ser·

106 4344 199 4423 raiae,
214 4350 352 4429 pluribus
368 4367 404 4406 ea
416 4354 617 4415 causaturus
632 4352 687 4413 illo
699 4348 846 4413 Chronico
858 4352 993 4431 itemque
1005 4344 1089 4427 apud
1095 4343 1202 4407 Theo·
1308 4344 1311 4350 ’

106 4430 236 4513 phanem
256 4430 476 4499 etfledrmum.

145 4524 253 4600 omps.
276 4524 364 4583 cone
973 4514 996 4579 8
