3017 4900
218 339 427 408 BANDURII
450 337 508 404 DE
533 338 570 405 S.
591 338 746 407 soPffls
772 340 1117 414 COMMENTARIUS.
1171 347 1243 418 157

123 511 222 573 ναοῦ
233 511 335 588 ipsum
347 497 421 570 sads
434 523 489 564 seu
501 500 628 564 chorum
639 505 769 585 intelligi
781 505 939 570 observant
951 510 1009 570 viri
1023 507 1113 572 docti.
1144 531 1161 570 a
1176 510 1242 572 dia-

127 597 250 655 conico
270 595 377 672 igitur,
402 589 484 671 quod
500 601 586 650 extra
608 589 717 650 aedem
734 595 866 670 exstitit,
887 615 942 674 per
955 598 1069 656 soleam
1083 607 1244 658 nanseun-

127 681 213 739 dum
237 680 296 738 fuit
317 674 465 737 sacerdoti
477 673 516 734 ad
528 678 617 734 bema
628 679 766 756 pergenti
788 677 865 756 (nec
879 683 1007 758 minam,
1029 702 1098 742 curu
1113 685 1241 744 bematis

126 767 222 825 fores
250 765 350 823 soleae
378 759 648 840 obversarentur),
681 760 809 842 proinde
839 784 894 843 per
919 785 988 826 eam
1010 765 1093 826 aedis
1114 779 1241 847 partem,

128 871 219 933 quae
241 851 330 908 bema
344 867 364 905 a
377 851 441 932 ναῷ
456 849 576 926 propria
592 857 713 927 sumpto
733 846 915 928 disparabat.
959 863 1049 933 atque
1073 851 1148 911 haec
1172 862 1242 912 sumt

128 957 217 1017 quae
237 933 276 993 de
291 932 366 992 aede
381 931 533 1012 Sopbiana
545 934 674 1013 sparsim
689 932 771 1016 apud
786 937 945 1018 scriptores
957 957 1013 1019 per
1029 939 1171 1019 temporis
1185 958 1242 998 cn·
1360 955 1367 964 ‘

128 1025 272 1102 gustiam
287 1021 444 1082 observare
455 1019 551 1079 licuit.

291 1565 640 1732 insanin
692 1569 1085 1680 nsuuunn
1256 1597 1346 1658 a...

129 1783 177 1840 ΙΝ
199 1780 487 1842 settleTouls
507 1782 722 1842 ANONYMI
741 1784 802 1842 DE
824 1779 1235 1858 ANTIQUITATIBUS
1308 1823 1312 1832 ·

542 1900 831 1961 eructuante
874 1953 877 1959 .

378 2050 411 2124 L
460 2048 481 2125 l
530 2051 562 2124 B
611 2051 650 2128 R
698 2051 737 2128 U
785 2053 830 2127 M
905 2051 991 2140 tv,

193 2220 328 2309 nur
368 2219 462 2308 nn
505 2219 708 2308 sane
754 2185 1169 2330 connisus,

437 2413 933 2486 COMMENTARIUS.

131 2613 368 2729 Angustissimi
387 2648 420 2709 S.
440 2646 571 2728 Sophiae
590 2652 698 2731 templi
718 2650 784 2726 ΟΡ,
817 2670 835 2710 a
858 2651 1023 2711 Iustiniana
1044 2650 1088 2709 M.
1110 2648 1234 2710 infinitis

66 2765 69 2771 ·
134 2736 304 2815 sumptibus
329 2732 458 2809 conditi,
480 2738 694 2816 quamplurimi
714 2756 756 2797 ex
778 2738 969 2817 scriptoribus
986 2736 1160 2815 Byzantinis
1179 2734 1236 2793 de-

135 2823 329 2901 scriptionem
352 2817 484 2877 edidere.
527 2832 558 2879 at
572 2833 605 2880 ut
620 2824 728 2881 missos
744 2820 855 2881 faciam
870 2824 1027 2901 scriptores
1042 2822 1110 2879 illos
1126 2822 1177 2901 qui
1196 2819 1234 2879 de

134 2916 281 2965 umatum
301 2902 385 2963 aedis
403 2906 435 2963 S.
448 2902 580 2985 Sophiae
594 2908 690 2965 obiter
700 2916 880 2983 tractarunt,
902 2908 1064 2985 Procopius
1081 2908 1134 2985 qui
1148 2904 1234 2964 aedi-

134 2990 197 3049 licia
212 3012 231 3049 a
248 2992 413 3049 lastiniano
428 2992 470 3047 M.
486 2994 616 3049 excitata
631 2992 798 3049 luculenter
810 2992 894 3049 libris
908 3001 973 3050 octo
989 3000 1132 3063 recenset,
1153 2992 1233 3049 libro

134 3078 197 3155 ipso
210 3080 311 3162 primo
326 3096 351 3134 c.
369 3078 388 3138 1
404 3074 443 3133 de
459 3075 541 3135 aedis
555 3074 725 3154 Sophianae
742 3086 889 3135 structura
905 3080 983 3154 agit3
1007 3078 1059 3155 qui
1081 3076 1151 3132 licet
1169 3094 1232 3134 non

134 3162 175 3219 ita
188 3163 294 3220 multis
309 3159 347 3219 de
361 3180 396 3218 ea
410 3162 536 3235 scribat,
558 3172 690 3219 attamen
711 3164 781 3241 quia
802 3162 959 3219 Iustiniani
976 3160 1159 3239 temporibus
1173 3160 1232 3219 lio-

135 3248 233 3321 rebat,
263 3249 328 3304 iure
352 3248 460 3305 merito
486 3245 544 3305 hac
564 3249 597 3303 in
621 3267 654 3305 re
674 3248 753 3304 inter
775 3248 932 3325 scriptores
953 3246 1068 3304 solutae
1090 3246 1233 3304 orationis

112 3358 118 3365 ·
136 3334 301 3411 prinoipem
322 3333 424 3389 locum
446 3341 539 3390 tenet.
582 3332 658 3389 alter
675 3342 720 3390 est
738 3332 821 3389 illius
838 3334 905 3389 aevi
919 3334 1045 3411 scriptor
1062 3350 1115 3389 seu
1133 3338 1232 3409 poeta,

135 3418 246 3476 Paulus
259 3419 405 3475 nimirum
419 3416 623 3492 silentiarius,
645 3419 698 3498 qui
718 3418 849 3474 carmine
865 3414 987 3475 heroico
1003 3426 1033 3475 et
1047 3416 1234 3496 pereleganti

137 3499 281 3583 ἢφρασιν
300 3502 407 3581 templi
429 3502 460 3561 S.
481 3500 612 3581 Sophiae
634 3504 786 3577 exaravit3
809 3504 862 3582 qui
881 3522 952 3561 sane
972 3504 1097 3580 scriptor
1115 3504 1235 3581 praeci-

136 3606 225 3665 puam
238 3590 347 3646 mereri
359 3584 483 3645 laudem
494 3586 614 3647 videtur
626 3606 661 3645 ac
673 3586 980 3661 commendationem,
1006 3596 1039 3644 ut
1058 3590 1099 3645 ait
1112 3588 1235 3644 Ducan-

137 3674 201 3750 gins
223 3676 257 3731 in
280 3674 479 3752 praefatione,
502 3672 584 3753 quod
599 3682 717 3751 praeter
733 3674 899 3731 carminum
913 3674 1093 3750 elegantiam
1111 3688 1235 3729 accura-

137 3767 197 3816 tam
216 3760 420 3837 augustissimi
439 3760 547 3837 templi
568 3756 799 3836 descriptionem
814 3760 927 3838 vixque
948 3756 1159 3816 oculatioribus
1176 3753 1236 3815 ba-

138 3854 237 3903 cteuus
250 3845 435 3903 intellectam
446 3844 534 3902 nobis
547 3852 758 3923 repraesentet.
803 3846 885 3901 enim
900 3862 972 3901 vero
989 3860 1051 3899 non
1068 3840 1189 3899 defuere
1204 3852 1235 3901 et

138 3929 342 4009 subsequentis
363 3932 430 3989 aevi
449 3932 623 4008 scriptores,
654 3926 764 4009 quide
785 3926 867 3986 aedis
890 3924 1062 4007 Sophianae
1088 3936 1235 3985 structura

139 4012 264 4092 integros
290 4025 432 4074 tractatus
459 4017 622 4093 scripsere,
657 4011 790 4072 Codinus
817 4014 946 4087 scilicet,
975 4015 1106 4071 incertus
1132 4021 1234 4071 auctor

141 4098 385 4176 combefisianua,
406 4120 441 4159 ac
461 4102 552 4164 ceteri
574 4102 730 4178 Originum
747 4100 795 4156 GP
812 4101 969 4177 scriptores
987 4096 1103 4157 inediti.
1146 4099 1179 4155 in
1195 4097 1235 4154 iis

140 4193 234 4245 autem
255 4188 422 4267 principem
444 4187 547 4245 locum
571 4194 654 4243 tenet
675 4187 853 4262 Anorrymus
873 4193 991 4257 noster,
1023 4184 1085 4241 sive
1103 4190 1233 4239 aetatem

141 4284 195 4347 qua
217 4274 376 4352 scripserat
396 4272 459 4331 sive
480 4268 616 4330 ordinem
641 4289 675 4328 ac
696 4268 884 4347 diligentiam
899 4286 958 4349 qua
973 4274 1167 4327 monumenta
1182 4284 1233 4323 re-

141 4367 233 4417 censet
245 4367 372 4439 spectes.
413 4376 513 4441 neque
526 4356 583 4417 soli
595 4358 752 4437 scriptores
766 4355 872 4415 Graeci
888 4352 972 4414 aedis
988 4349 1159 4434 Sophiauae
1173 4346 1230 4409 da·
