3017 4900
252 336 341 412 152'
690 337 751 406 DU
778 335 918 407 canon

251 517 320 567 cent
337 507 428 567 Gesta
447 501 485 566 de
502 504 624 566 nomine
639 505 760 581 Aeacii,
780 499 864 564 hisce
881 501 1001 565 verbis:
1023 496 1124 560 dicens
1141 501 1267 560 Petrum
1281 497 1356 559 οδδτι

251 597 286 652 in
308 593 446 652 άίατοηίο
468 611 529 650 ease
545 591 738 663 damnatam,
760 611 841 648 nunc
862 592 952 648 eliam
970 586 1142 646 Christiana
1159 590 1296 645 societate
1307 607 1356 644 ee-

251 689 377 736 motnm:
405 697 477 736 uam
495 678 668 736 susannam
687 687 718 735 et
738 675 928 734 diocouicum
941 671 1025 734 idem
1038 693 1104 732 esse
1117 674 1190 732 satis
1203 671 1357 731 declarant

251 783 342 843 supra
359 764 450 821 allata
465 763 602 841 Gregorii
614 782 639 821 11
653 761 757 821 verba.

337 849 390 912 85.
432 848 510 906 cum
532 849 625 926 igitur
649 845 804 907 diaconico
819 863 881 904 non
895 839 987 904 modo
1004 843 1129 903 carceris
1144 845 1244 903 vicem
1259 841 1356 900 inter-

254 930 328 991 dum
348 943 532 1012 praestarent
553 931 607 992 sed
627 935 718 991 etiam
736 932 895 990 tribunalis
917 931 1131 1004 ecclesiastici,
1151 927 1357 988 indefectam

254 1020 360 1096 opinor
380 1029 415 1077 ut
433 1020 509 1077 istae
533 1017 664 1078 exedrae
685 1019 844 1076 secretorio
865 1016 1101 1096 appellarentur:
1137 1033 1209 1072 uam
1235 1013 1358 1090 propria

253 1114 325 1161 suut
340 1103 475 1162 iudicum
491 1106 663 1174 secretorio,
689 1105 737 1162 uti
749 1113 795 1161 est
807 1105 840 1159 iu
853 1103 979 1159 concilio
993 1101 1167 1158 Milevitano
1181 1117 1206 1156 ιι
1223 1117 1288 1155 can.
1303 1099 1371 1161 16.

254 1209 402 1267 mgrtusm
421 1199 565 1247 secremm
582 1187 705 1259 iudicis,
734 1187 814 1246 unde
833 1188 1024 1245 secretarium
1045 1188 1231 1254 nominatur,
1259 1185 1303 1242 ait
1321 1181 1359 1240 S.

152 1319 159 1326 .
254 1275 440 1350 Augustinus
455 1276 489 1331 iu
504 1293 530 1332 c.
547 1273 588 1336 84
603 1271 757 1332 Ezechiel.
776 1292 802 1331 o.
820 1274 852 1334 8.
894 1269 988 1351 idque
1008 1289 1049 1330 ex
1070 1289 1105 1328 eo
1127 1270 1250 1328 fluxisse
1274 1267 1360 1324 arbi-

255 1368 336 1434 tror,
356 1356 438 1439 quod
459 1361 493 1416 in
516 1355 678 1418 diaconiois
698 1355 806 1438 synodi
821 1367 851 1414 et
864 1357 989 1416 coucilia
1007 1373 1151 1435 persaepe
1170 1363 1358 1433 cogerentur,

255 1452 346 1524 atque
367 1446 406 1502 iis
426 1446 459 1501 in
477 1445 666 1504 consessibus
682 1443 858 1503 clericorum
874 1460 981 1502 canisae
994 1443 1252 1528 examinarentpr3
1275 1434 1360 1495 mae

253 1537 359 1608 postea
378 1527 570 1608 pontificum,
601 1532 654 1612 qui
677 1525 801 1609 synodis
821 1529 999 1603 intererant,
1032 1528 1179 1586 sessiones
1198 1525 1361 1584 secretaria

253 1615 369 1691 passim
379 1615 509 1692 legimus
523 1613 627 1692 dictas,
644 1613 724 1694 apud
737 1615 929 1674 Anastasium
940 1615 973 1669 in
986 1613 1020 1672 S.
1032 1609 1152 1690 Agatho
1165 1631 1196 1689 p·
1210 1608 1252 1674 54
1263 1619 1293 1666 et
1305 1605 1359 1685 55,

254 1701 289 1755 in
310 1698 433 1777 Synodo
452 1702 593 1760 Lateran.
614 1699 670 1760 sub
688 1701 818 1758 Martiuo
839 1701 898 1756 PP.
923 1715 951 1756 a.
971 1696 1049 1770 649,
1070 1700 1103 1754 iu
1126 1695 1251 1754 concilio
1267 1697 1360 1754 Rom.

256 1785 285 1866 a}
302 1783 365 1848 745
383 1784 439 1842 sub
456 1783 602 1844 zacharie
617 1787 680 1847 1³1³.
698 1788 767 1844 Act.
783 1791 798 1849 1
817 1794 846 1842 et
859 1787 896 1860 2,
919 1783 1195 1860 Caesaraugustam
1217 1780 1271 1839 sub
1293 1781 1360 1836 Da-

254 1886 340 1926 maso
361 1870 429 1943 1³1³,
451 1868 680 1950 Carthaginensi
694 1891 733 1929 ιιι
751 1880 783 1929 et
804 1888 836 1928 tv
860 1879 889 1926 et
911 1887 950 1943 v,
971 1867 1146 1926 Milevitauo
1169 1885 1208 1940 ιι,
1231 1861 1361 1924 Cartha-

254 1955 375 2030 ginensi
397 1973 445 2028 τι,
469 1955 619 2014 Africanis
640 1974 706 2034 cap.
725 1958 743 2017 1
759 1965 789 2013 et
802 1953 859 2028 62,
881 1954 996 2012 Arelat.
1011 1971 1064 2027 ιιι,
1086 1951 1361 2031 Hierosolymitano

257 2037 313 2096 snb
330 2041 467 2118 Agapeto
481 2041 549 2115 1²1²,
571 2041 744 2119 Hispaleusi
757 2059 783 2098 11
799 2059 826 2096 c.
842 2040 859 2102 1
878 2047 935 2097 etc.
1325 2043 1330 2050 “

340 2127 393 2188 86.
436 2127 542 2205 Neque
563 2127 687 2182 unicum
710 2123 863 2184 diaconico
888 2120 1043 2204 Sophiano
1065 2141 1176 2182 nomeu
1189 2121 1265 2180 fuit:
1286 2139 1362 2179 nam

149 2204 173 2256 P
190 2205 242 2262 595
260 2216 290 2267 et
308 2203 491 2291 μιτατάριον
510 2207 680 2286 dicebatur,
708 2212 735 2270 si
757 2206 880 2290 quidem
901 2204 1086 2288 μεσατάριον
1104 2207 1186 2267 idem
1207 2218 1253 2266 est
1276 2205 1362 2287 quod

255 2288 448 2372 μιτατάριον,
470 2293 554 2375 qnod
573 2293 696 2376 quidem
711 2296 871 2375 opinantur
883 2297 939 2352 viri
953 2292 1042 2354 docti.
1086 2292 1120 2351 id
1144 2294 1296 2372 colligitur
1319 2309 1362 2351 ex

256 2376 306 2437 his
326 2377 506 2461 Euchologii
524 2382 641 2441 verbist
663 2377 737 2462 μετά
752 2375 789 2443 τά
805 2376 935 2460 ψάλλειν
950 2377 1006 2461 τήν
1020 2377 1175 2459 ιριτέκτην
1188 2375 1360 2461 κατέρχεται

257 2461 278 2528 ά
303 2458 469 2546 άγιάτατος
489 2462 675 2569 πατριάρηης
697 2465 731 2530 ἐν
752 2468 798 2553 τςδ
817 2466 989 2551 μεσατοιρληι
1010 2460 1109 2547 ἤγουν
1125 2469 1170 2526 sor*
1185 2466 1361 2548 διακονικῷ,

256 2546 310 2611 καλ
330 2548 475 2629 ἐξέρχεται
500 2552 543 2626 ελς
565 2548 600 2615 sd
623 2574 712 2634 αγιον
733 2544 956 2631 θυσιαστήριον
979 2550 1012 2614 ἐκ
1033 2554 1091 2613 τοῦ
1112 2528 1224 2631 olonae
1248 2550 1362 2624 δεξιοῦ.

257 2634 513 2714 quemadmodum
537 2640 630 2715 igitur
651 2638 844 2695 mesotors'nm
866 2634 905 2692 ad
930 2633 1069 2693 dextram
1088 2637 1190 2693 statuit
1205 2632 1363 2694 Eucholo-

257 2722 343 2797 giurn
365 2719 506 2800 (sedisne
530 2740 569 2779 an
587 2741 658 2780 vero
679 2723 798 2796 altaria,
819 2718 1007 2799 incertum),
1034 2722 1077 2779 ita
1097 2722 1281 2779 mitotcrr'nm
1301 2720 1363 2779 Ge-

260 2801 370 2864 drenus
383 2808 415 2862 in
432 2806 533 2867 Leone
548 2803 745 2886 philosopho,
763 2808 807 2864 ita
828 2813 863 2863 ut
883 2824 979 2865 uuum
997 2802 1141 2886 idemque
1163 2824 1228 2865 esse
1248 2824 1303 2885 par
1321 2807 1362 2865 sit

258 2887 395 2964 credere,
416 2889 602 2973 proindeque
616 2889 763 2950 mendum
775 2890 898 2950 subesse
912 2891 944 2949 in
958 2888 1156 2970 Euohologio.
1199 2892 1242 2949 sic
1259 2900 1364 2949 autern

260 2974 431 3034 cedrenus:
453 2972 504 3038 διά
525 2971 639 3057 ταύτην
659 2969 716 3039 cdv
734 2972 792 3055 την
816 2975 917 3038 αἰτίαν
940 2972 960 3039 δ
978 2971 1163 3059 πατριάρχης
1180 2976 1224 3049 εἰς
1238 2970 1297 3056 τὴν
1312 2975 1364 3040 ἐκ·

151 3054 158 3067 ’
258 3062 387 3141 κλησλαν
404 3059 590 3143 εἰσέρχεσθον
605 3056 717 3125 ἒκάλνε
733 3057 788 3125 τάν
804 3058 943 3141 βασιλέα,
964 3054 1041 3123 ὅθεν
1059 3058 1110 3123 διά
1122 3064 1177 3124 τοῦ
1191 3061 1293 3136 δεξιοῦ
1308 3059 1364 3142 μέ·

259 3168 334 3227 ρους
358 3140 494 3227 διήρχετο
516 3148 560 3223 εἰς
578 3144 612 3212 ιδ
637 3145 826 3228 μιταιάριον.
870 3157 900 3205 et
915 3147 1010 3206 infra:
1033 3140 1107 3227 ὅπερ
1121 3140 1295 3227 γράψαντες
1310 3144 1364 3209 καλ

260 3231 479 3311 σφραγίσαντες
497 3231 531 3295 ἐν
549 3238 592 3318 τῷ
616 3233 784 3316 ριτατωρλψ
808 3231 952 3311 ἔρριψαν,
973 3233 1030 3293 τοῦ
1049 3228 1084 3293 δὲ
1103 3228 1247 3313 βασιλέως
1264 3234 1365 3313 δημο-

261 3316 331 3375 σίαν
346 3310 482 3395 πρόοδον
503 3315 536 3380 δν
558 3342 594 3403 τη
617 3312 729 3404 μεγάλη
747 3316 888 3403 ἐκκλησίᾳ
903 3312 1124 3397 ποιησαμένου,
1146 3310 1206 3379 κάν
1220 3320 1265 3403 τῷ
1275 3340 1365 3397 ρετα-

257 3399 356 3482 τωρλςο
379 3395 583 3476 εἰσελθόντος,
605 3403 658 3466 καλ
677 3401 710 3465 ἐν
733 3393 882 3486 ηληάχετο
902 3396 995 3486 adop.
1044 3404 1183 3460 meminit
1206 3412 1365 3481 praeterea

258 3482 919 3648 ttztttttlltli'ttltltitii:
934 3488 1366 3652 ltlttzltttltllt

259 3672 278 3709 a
298 3654 479 3730 lastiniam,
500 3656 570 3729 ivo,
592 3658 705 3736 iuquit,
727 3656 822 3720 ἐκεῖσε
846 3654 1004 3743 παραμένῃ
1031 3654 1105 3737 μετά
1123 3661 1187 3719 τάν
1206 3653 1365 3737 α’ρχόντοιν

259 3731 371 3813 adecti,
393 3738 445 3800 καλ
463 3733 607 3814 πολλάκις
620 3742 717 3805 docies.
762 3760 839 3822 quae
855 3740 979 3823 quidem
994 3740 1101 3801 ulthna
1119 3743 1210 3801 verba
1228 3744 1365 3803 Goarum

257 3824 405 3902 impulere
431 3836 465 3884 ut
484 3828 517 3883 iu
537 3829 618 3887 notis
641 3826 680 3884 ad
701 3824 872 3886 cedrenum
903 3837 933 3886 et
960 3824 1182 3906 Euchologium
1210 3830 1365 3908 sculpserit

260 3904 444 3987 μετατάριον
469 3908 582 3970 dictum
607 3912 694 3993 quasi
714 3905 931 3992 μινσαιάριον,
952 3913 1106 3994 finiensque
1127 3914 1301 3973 cubiculum
1323 3912 1365 3971 ad

258 3992 338 4051 latus
361 3993 479 4069 altaris,
501 3998 534 4054 in
555 4016 614 4079 quo
636 3998 724 4056 fessis
745 4016 763 4056 a
784 3996 887 4057 tenore
909 3998 1077 4057 cantoribus
1097 4016 1203 4057 mensa
1224 3999 1364 4078 frugalis,

257 4080 346 4156 panis
376 4079 491 4138 scilicet
515 4093 544 4139 et
567 4084 648 4157 vini,
676 4083 895 4162 apponebatur,
925 4080 1112 4163 proindeque
1139 4084 1240 4141 locum
1267 4086 1366 4145 luisse

258 4164 372 4221 mensis
391 4164 575 4225 instruendis
594 4165 753 4241 idoneum3
776 4188 795 4225 a
818 4186 878 4247 qua
897 4170 1044 4226 sententia
1063 4165 1146 4226 haud
1162 4169 1287 4228 omuino
1307 4172 1365 4229 ab·

258 4245 361 4307 horret
373 4250 512 4309 Allatius.
554 4271 660 4310 verum
676 4272 744 4310 cum
758 4250 944 4311 diaconicum
956 4271 1011 4311 seu
1023 4254 1215 4312 secretarium
1230 4252 1364 4333 Sophia·

257 4347 332 4391 num
355 4334 491 4415 amplum
511 4336 602 4395 fuerit
624 4338 801 4415 tridudum,
824 4356 927 4421 neque
938 4339 1027 4399 unico
1041 4336 1188 4399 duntaxat
1203 4338 1362 4401 sedendis
