3017 4900
406 359 660 431 DESCRIPTIO
684 364 719 433 S.
745 363 934 436 sormam
1167 371 1216 444 83

111 538 203 612 pta
230 528 318 589 milis
344 527 492 589 librarum
520 526 701 609 pependisse
725 539 757 589 et
778 530 817 591 eb
839 529 969 594 Αιοιιᾶἰο
995 532 1058 596 lilio
1086 546 1217 599 erectam

141 614 230 675 rodit.

111 636 139 697 p
204 696 256 765 24.
299 699 439 757 Exciteta
457 698 549 776 igitur
569 698 643 759 aede
663 698 816 781 Sophiam
834 699 990 785 dirutaque
1002 702 1217 766 Theodosiana

114 795 234 861 statua,
256 785 324 843 loco
337 784 432 863 ipsius
446 802 532 843 suam
548 796 717 866 equestrem
733 788 878 865 imposuit
894 784 1091 865 lastinianus,
1113 812 1153 849 ex
1166 804 1216 851 te-

117 872 200 949 gnlis
219 871 316 929 aereis
337 870 481 927 inauratis
496 870 667 930 combustae
683 869 810 931 Chalces
827 874 1000 947 conflatam,
1022 894 1100 935 anno
1113 878 1215 956 impe-

117 958 160 1015 rii
175 960 225 1019 17.
268 951 487 1033 Theophanes:
508 958 552 1040 spi
570 949 653 1043 crispi
676 955 733 1019 iser
750 954 914 1038 ἐπληρώθη
928 956 947 1022 d
961 964 1090 1038 χαλκοῦς
1104 960 1215 1025 cloud

116 1039 212 1122 μέρος
234 1040 363 1118 πλησίον
381 1041 437 1103 τοῦ
456 1040 619 1116 mimico,
641 1036 831 1123 ὀλιγόμενος
844 1037 1051 1126 Αὕγονστειῖς,
1072 1044 1124 1107 acl
1137 1040 1216 1127 οἷνη-

116 1124 216 1205 νῆθη
237 1122 261 1203 ἦ
282 1118 376 1201 στήλη
394 1127 449 1186 τοῦ
468 1124 612 1203 βασιλέως
629 1120 842 1191 locatimve
858 1128 1001 1205 ἔφιππος.
1042 1131 1101 1189 fuit
1114 1142 1217 1191 autem

116 1214 215 1292 χαλκῆ
233 1208 416 1268 vestibulum
433 1213 537 1289 magni
553 1212 657 1289 palatii
678 1232 712 1271 ac
729 1215 910 1289 triclinium,
929 1234 986 1293 per
996 1214 1078 1296 quod
1091 1218 1125 1275 in
1138 1214 1218 1275 illud

119 1296 235 1369 ibatur,
256 1297 301 1354 sic
322 1294 521 1373 appellatum,
543 1294 624 1376 quod
645 1299 738 1357 aereis
755 1300 865 1378 tegulis
879 1310 993 1359 tectum
1007 1310 1095 1361 esset.
1137 1299 1218 1361 illud

117 1382 297 1453 Anastasius
320 1381 497 1457 imperator,
527 1380 670 1441 Aetherio
695 1380 855 1443 architecto
880 1387 1060 1462 peritissimo
1079 1407 1169 1462 usus,
1197 1406 1218 1446 a

118 1464 326 1525 fundamentis
340 1467 522 1525 excitaverat
540 1476 569 1525 et
584 1470 616 1525 in
632 1465 839 1527 admirandam
854 1468 1043 1529 altitudinem
1059 1468 1217 1549 eduxerat,

119 1562 154 1611 ut
167 1550 255 1611 docet
268 1553 461 1629 epigramma,
483 1549 564 1631 quod
578 1549 705 1611 habetur
716 1556 748 1611 in
760 1551 945 1633 Anthologia
957 1553 1044 1617 Get
1064 1558 1117 1618 23.
1158 1576 1221 1615 no-

119 1638 210 1697 minis
231 1639 378 1695 tationem
402 1635 500 1693 farrum
519 1634 687 1713 cedrenus,
709 1639 841 1698 scribens
859 1642 902 1698 ita
919 1640 1105 1719 appellatum
1118 1635 1169 1702 daei
1182 1634 1219 1705 sd

121 1722 154 1787 tx
171 1725 290 1799 palade
305 1716 445 1799 κεράμων
457 1722 690 1802 κεχρυσωμένων
704 1720 892 1803 ictericiae.
936 1744 1004 1783 oum
1021 1744 1109 1804 porro
1121 1727 1155 1783 in
1167 1745 1220 1785 se·

122 1805 235 1867 ditione
245 1808 490 1881 Victoriatorum,
512 1816 547 1863 ut
564 1818 609 1867 est
622 1809 655 1865 in
668 1806 737 1867 (ihr.
750 1806 972 1884 Alexandrino,
995 1810 1219 1888 conflagrasset,

120 1892 199 1952 illud
212 1910 330 1951 rursum
341 1893 517 1950 instauravit
528 1902 558 1950 et
570 1894 601 1951 in
614 1896 745 1972 priorem
756 1893 947 1953 altitudinem
961 1893 1066 1953 eduxit
1076 1898 1220 1955 Iustinia-

120 1998 197 2052 nus,
219 1974 476 2057 quemadmodum
490 1977 580 2035 refert
593 1980 772 2059 Procopius,
795 1998 812 2037 a
827 2000 888 2061 quo
901 2000 1015 2039 norom
1026 1978 1109 2039 istud
1122 1982 1220 2039 tricli-

121 2066 206 2123 nium
228 2062 403 2121 describitur
425 2059 462 2119 de
482 2061 583 2121 Aedif.
608 2068 622 2127 1
649 2066 698 2128 10.
752 2075 883 2123 statuam
902 2085 973 2125 vero
993 2068 1219 2138 Iustinianeum,

121 2168 199 2229 quae
219 2150 387 2207 immensae
406 2148 496 2207 molis
511 2158 541 2206 et
556 2146 721 2207 altitudinis
743 2153 875 2226 exstitit,
898 2148 1070 2210 describunt
1083 2151 1220 2229 pluribus

120 2233 204 2293 idem
222 2234 386 2312 Procopius
403 2237 417 2293 1
441 2236 477 2306 2,
500 2242 530 2291 et
551 2252 591 2289 ex
611 2253 647 2292 eo
667 2232 868 2315 Pachynreres
888 2237 921 2292 in
943 2228 1222 2315 ἐκφράοιιΑιῖγον-

121 2324 278 2393 παιῶνος,
299 2336 392 2399 quam
405 2317 468 2395 legi
482 2318 512 2375 in
526 2336 573 2376 ms
588 2316 787 2378 bibliothecae
802 2322 924 2399 Regiae,
945 2317 1129 2399 Nicephorus
1143 2321 1221 2379 Gre-

120 2405 298 2484 gornaii,
321 2405 373 2484 qui
387 2404 469 2462 ilbus
486 2400 687 2464 dimensiones
704 2407 856 2480 exoravit,
877 2402 1062 2484 Nicephorus
1078 2405 1220 2466 callistus

119 2495 152 2550 in
173 2491 329 2571 prooemio
345 2491 421 2548 Hist.
435 2509 467 2567 p.
484 2490 541 2562 16,
563 2491 690 2548 loannes
703 2492 830 2550 Tzetzes
846 2488 926 2548 chit.
940 2494 960 2554 8
980 2487 1103 2562 ιι.184,
1126 2489 1221 2551 Codi-

119 2595 193 2650 ιιοι,
218 2575 385 2634 Gulielmns
410 2571 447 2631 de
468 2571 650 2632 Baldenzeel
667 2576 698 2632 in
715 2573 1064 2655 Hodoeporicop.103,
1084 2574 1221 2634 Bondel-

118 2663 254 2726 montius
274 2661 306 2717 in
326 2657 464 2739 descript.
485 2658 549 2734 ΟΡ,
573 2669 603 2717 et
624 2660 740 2738 Gyllius
761 2664 781 2724 2
804 2663 854 2724 17.
897 2681 938 2720 ex
957 2657 1116 2740 praedictis
1132 2679 1221 2739 porro

118 2745 315 2826 scriptoribus
331 2745 451 2804 Graecis
464 2744 560 2824 liquet
576 2754 690 2804 statuae
705 2747 782 2827 ipsi,
802 2745 928 2826 perinde
942 2766 978 2806 ec
992 2746 1072 2820 foro,
1094 2741 1221 2829 Aipor-

118 2835 270 2906 ποιιῖνος
286 2850 398 2889 nomen
415 2828 545 2888 inditum
560 2829 664 2888 fuisse.

208 2917 261 2980 25.
303 2917 365 2974 Tot
379 2917 470 2993 igitur
483 2915 636 2993 praeclare
648 2914 797 2974 vestibula
812 2925 842 2973 et
856 2917 947 2991 atria,
968 2923 1013 2975 tot
1037 2917 1170 2994 insigues
1185 2933 1220 2974 ac
1235 2929 1259 2986 p
1276 2930 1329 2989 542

117 3020 306 3066 marmoreae
326 3003 458 3080 porticus
479 2998 548 3059 aedi
569 3002 628 3080 ipsi
649 3003 761 3078 partim
782 3001 972 3060 obversantes
986 3003 1096 3079 partim
1111 2999 1223 3058 adiun-

119 3097 206 3164 ctae,
228 3089 299 3146 satis
319 3084 471 3144 declarant
488 3097 634 3165 quantum
650 3083 739 3143 aedes
757 3086 824 3164 ipsa
836 3087 917 3144 intus
932 3087 1083 3143 contineat
1096 3086 1222 3163 elegan-

118 3176 184 3231 tiae
207 3191 242 3230 ac
264 3169 394 3245 decoris,
417 3181 447 3228 et
471 3180 505 3228 ut
525 3172 624 3230 verbis
647 3178 715 3228 utar
737 3171 877 3249 Procopii
894 3169 932 3228 de
948 3170 1221 3249 Hierosolymitano

120 3255 263 3337 deiparae
275 3257 389 3336 templo
404 3256 575 3330 scribentis,
598 3251 748 3336 μηνύουσι
763 3259 827 3326 τοῖς
842 3253 900 3316 ἔσω
914 3255 1015 3316 ἰοῦσιν
1031 3252 1128 3340 ὁποίῳ
1143 3251 1221 3317 θεά-

119 3366 195 3425 ματι
214 3343 346 3421 ineptia
367 3338 519 3421 pittaco,
549 3351 584 3399 nt
607 3360 677 3399 vero
702 3339 827 3399 Eusebii
849 3337 888 3398 de
908 3341 970 3397 vita
992 3340 1094 3398 Const.
1121 3343 1141 3405 8
1168 3344 1221 3417 88,

119 3433 187 3502 τοῖς
210 3423 266 3506 τήν
288 3421 373 3500 laede
393 3427 521 3505 πορείαν
537 3424 731 3504 ποιουμένοις
748 3420 989 3503 καταπληκτικήν
1006 3430 1149 3504 παρεῖχον
1163 3421 1223 3504 τὴν

119 3515 185 3575 τῶν
210 3513 300 3575 ἔνδον
323 3509 480 3593 ὁρωμένην
503 3509 600 3588 θέον,
621 3511 729 3590 quibus
746 3509 895 3590 quaedam
916 3521 1114 3570 consentanea
1130 3508 1222 3570 habet

121 3599 202 3657 tttst.
219 3600 260 3661 10
280 3595 310 3660 4.
354 3615 423 3656 cum
443 3615 513 3675 ergo
533 3615 623 3654 nemo
639 3598 694 3670 sit,
717 3598 766 3655 cui
779 3593 827 3655 his
840 3598 1004 3676 perspectis
1017 3606 1069 3653 ent
1081 3596 1221 3675 perlectis

120 3685 224 3742 nescio
246 3679 327 3762 quod
346 3683 447 3741 animo
468 3701 530 3742 non
553 3681 703 3742 oboriatur
718 3691 783 3740 tam
798 3680 911 3759 grande
930 3682 1110 3740 miraculum
1126 3681 1223 3740 oculis

121 3765 289 3847 usurpandi
308 3765 508 3841 desiderium,
528 3775 595 3826 tum
613 3777 647 3825 ut
668 3765 758 3826 huius
776 3767 853 3824 liber
867 3776 969 3846 pateat
983 3765 1097 3839 aditus,
1118 3775 1223 3844 portae

122 3852 208 3914 aedis
230 3850 409 3931 aperiendae
428 3862 508 3911 sunt.
548 3853 651 3931 plures
674 3861 776 3909 autem
795 3861 929 3930 prostent
946 3853 1128 3924 etiamnum,
1149 3850 1223 3929 plu·

122 3957 232 4020 resque
253 3940 394 3996 exstitere
417 3937 508 4013 olim,
526 3939 561 3995 in
583 3946 723 4018 quattuor
741 3937 849 4015 templi
865 3936 1027 4010 lateribus,
1050 3937 1078 3994 si
1095 3936 1222 4016 quibus-

124 4021 196 4082 dam
218 4025 379 4083 neotericis
399 4020 484 4081 fides.
527 4023 564 4081 ab
589 4019 741 4080 occidente
764 4024 861 4095 enim,
881 4040 941 4102 qua
955 4022 1107 4080 maximus
1122 4017 1220 4080 aditus

121 4109 206 4168 illius
220 4118 284 4182 est,
305 4126 415 4167 norem
433 4109 526 4186 portis
542 4105 620 4166 illud
637 4109 743 4180 initur,
768 4116 801 4165 ut
818 4116 978 4165 auctorest
992 4107 1121 4186 Gyllius.
1163 4103 1222 4164 ha-

122 4213 191 4252 rum
213 4212 376 4252 numerum
397 4211 458 4251 non
483 4193 631 4272 expressit
653 4191 858 4250 Silentiariosr
879 4189 934 4250 sed
946 4211 1014 4249 oum
1027 4189 1153 4249 dixisset
1167 4210 1222 4249 re·

122 4279 269 4339 stibnlum
297 4297 352 4337 seu
379 4280 526 4357 porticum
548 4273 764 4337 occidentalem
789 4273 900 4334 habere
918 4287 1035 4356 septem
1058 4286 1173 4354 portas,
1204 4293 1222 4330 e

122 4365 235 4446 quibus
255 4379 317 4423 utra
337 4361 377 4422 ad
395 4361 553 4424 meridiem
573 4363 666 4424 altera
684 4359 723 4426 ad
739 4365 973 4442 septentrionem
987 4370 1117 4442 prostat,
1138 4355 1223 4418 addit
