3017 4900
270 341 322 414 96
708 339 771 409 DU
798 337 940 407 GANGll
1015 380 1019 400 ·‚

271 505 366 591 pendi
378 507 547 588 praecepit:
570 506 650 590 βῆλα
663 509 846 590 παραχρῆμα
859 501 993 571 ἐκέλευσε
1003 507 1222 586 κρεμασθῆναι,
1244 506 1380 569 διαστει-

271 591 401 674 λιὶμενος
415 598 481 666 ταῖς
495 594 633 676 γυναιξίν
648 591 690 668 ate
704 594 735 656 sl
743 617 789 666 τις
806 592 862 668 ἔξω
876 595 938 654 τοῖν
952 585 1055 671 βήίινν
1066 585 1154 676 ὀφθῇ
1168 585 1381 654 διακόπτουσα
1495 649 1496 670 3

271 685 329 760 της
352 681 442 752 θείας
462 679 647 761 λειτουργίας
668 676 845 761 γινομένης,
867 676 1052 752 ἐξωθεῖσθαι
1074 679 1129 753 τῆς
1149 676 1306 758 ἐκκλησίας
1323 675 1381 737 καί
1495 729 1496 742 ,

272 759 482 842 ἐκοινώνησαν
505 763 615 846 μένειν.
658 765 691 823 in
713 763 962 837 catechusueniis,
985 781 1020 819 ac
1037 759 1143 818 dextra
1161 781 1263 821 eorum
1277 764 1381 841 potis-

273 855 385 911 simum
409 859 509 929 parte,
541 859 657 909 coactas
685 848 816 930 synodos
840 869 902 908 non
925 847 1020 907 semel
1042 847 1183 925 legimus.
1238 859 1381 907 octavam
1495 843 1496 854 ¹

273 940 355 994 enim
377 933 528 1014 synodum
550 935 583 998 ἐν
601 941 665 1010 τοῖς
688 937 798 1011 δεξιοῖς
822 933 922 1016 μέρεσι
947 935 1009 996 τῶν
1034 932 1294 1011 κατηχουμενείιον
1321 934 1383 994 τοῦ

272 1015 469 1101 περιωνύμου
491 1025 569 1083 ναοῦ
586 1024 642 1100 τῆς
659 1025 718 1085 τοῦ
740 1025 820 1082 θεοῦ
840 1021 949 1098 σοφίας
969 1019 1150 1076 celebratam
1164 1017 1258 1076 fuisse
1275 1027 1383 1076 auctor

273 1117 319 1166 est
331 1109 450 1165 Νισαῖοι
464 1104 621 1186 Paphlago
634 1108 667 1163 in
680 1109 748 1167 Vita
763 1107 872 1183 Ignatii
885 1101 1071 1184 patriarchae
1089 1104 1148 1160 ΟΡ.
1182 1112 1281 1160 exstat
1297 1099 1384 1182 apud

272 1192 492 1253 Leuuclavium
512 1194 545 1250 in
565 1193 697 1271 Synopsi
714 1193 808 1250 Basil.
826 1189 978 1248 decretum
991 1185 1116 1268 synodi,
1138 1187 1384 1268 προκαθημένου

274 1282 331 1340 τοῦ
356 1270 525 1358 ἆγιωτοίτου
550 1269 693 1339 Ἰωᾶννου
719 1269 904 1357 πατριάρχου
926 1273 959 1336 ἐν
978 1280 1043 1348 τοῖς
1064 1273 1174 1348 δεξιοῖς
1196 1272 1298 1355 μέρεσι
1318 1275 1385 1333 τῶν

273 1363 551 1442 κατηχονμενείονν,
577 1356 832 1440 συνεδριαζόντιον
846 1353 930 1445 crispi
944 1353 1177 1435 πανιιροιτοίτονν
1194 1361 1386 1439 μητροπολι·
1495 1401 1496 1432 ,

273 1451 345 1510 τοῖν.
390 1445 517 1505 eandem
528 1449 757 1526 inscriptionem
770 1447 902 1527 praefert
914 1443 1071 1504 Michsblis
1089 1445 1234 1508 cerularii
1250 1445 1386 1522 patriar·
1495 1445 1496 1462 ³

276 1529 351 1592 chae
373 1531 412 1591 de
430 1535 561 1612 proiecto
577 1535 700 1613 pittacio
717 1531 886 1606 decretum,
909 1528 990 1610 apud
1004 1531 1151 1589 Allatium
1165 1531 1290 1588 Dissert.
1305 1531 1328 1589 2
1344 1527 1387 1585 de

276 1620 344 1678 Lib.
368 1618 441 1676 eccl.
467 1619 571 1676 Graec.
613 1618 647 1676 in
671 1615 904 1676 catechumeniis
919 1615 1049 1697 denique
1065 1614 1227 1694 Sophiauis
1242 1612 1388 1694 quando-

277 1723 338 1786 que
362 1713 495 1762 coactam
515 1703 754 1782 plebem-narrat
770 1704 882 1762 Paulus
897 1703 1048 1761 Diaconos
1062 1703 1173 1760 Histor.
1188 1702 1274 1759 Misc.
1290 1700 1312 1757 l.
1329 1699 1388 1762 21.

279 1807 337 1848 nec
357 1790 486 1863 mirum,
507 1807 577 1846 cum
601 1790 702 1868 ampla
723 1787 889 1849 admodum
909 1799 975 1846 tum
995 1784 1155 1845 latitudine
1171 1795 1236 1844 tum
1249 1786 1389 1863 longitu-

280 1871 351 1932 dine
374 1883 491 1948 essent,
512 1875 558 1931 uti
576 1891 653 1933 mox
674 1893 715 1933 ex
734 1875 872 1932 aularum
888 1871 927 1931 ad
943 1873 1007 1930 alas
1021 1875 1102 1934 sacri
1119 1873 1314 1930 existentium
1328 1866 1389 1928 da-
1495 1879 1496 1884 ’

280 1961 442 2038 scriptione
456 1958 596 2037 colligere
609 1969 664 2018 est.
706 1979 796 2039 porro
810 1977 952 2038 magnam
964 1958 1129 2037 porticum,
1152 1975 1229 2037 quae
1239 1975 1302 2014 una
1314 1973 1388 2014 cum

279 2043 399 2104 bemats
423 2053 454 2103 et
473 2045 546 2102 tecti
566 2054 651 2123 parte
665 2065 707 2104 ex
720 2054 817 2104 terrae
831 2055 915 2104 motu
930 2053 1097 2117 corruerat,
1119 2061 1199 2101 auno
1222 2053 1389 2121 antequam
1495 2099 1496 2104 χ

277 2131 406 2188 loannes
428 2129 653 2188 (iantacuzenus
673 2131 855 2210 Byzantium
878 2129 1023 2207 cepisset,
1054 2128 1232 2186 instauravit
1251 2128 1390 2207 primum

277 2217 367 2274 Anna
389 2216 582 2293 imperatrix,
603 2211 771 2275 Andronici
788 2214 963 2293 Palaeclogi
982 2211 1090 2286 vidua3
1120 2215 1169 2271 cui
1189 2210 1390 2292 postmodum

277 2302 363 2380 operi
375 2301 442 2379 ipse
456 2299 680 2360 causacuzeuus
700 2320 736 2359 sc
755 2297 884 2380 denique
897 2302 1026 2360 Ioannes
1039 2298 1238 2377 palaeologus
1251 2301 1390 2378 impera·

279 2395 358 2443 tores
381 2395 550 2442 extremam
571 2403 697 2444 manum
716 2387 898 2469 imposuere.
941 2383 1162 2465 templaribus
1183 2394 1286 2442 narrat
1302 2381 1390 2441 idem

277 2472 502 2530 Cautacuzeuus
523 2469 544 2533 4
568 2469 600 2533 ί.

364 2558 416 2620 89.
457 2559 562 2635 Neque
584 2566 686 2614 umen
707 2564 789 2615 recta
812 2556 894 2615 linea
915 2550 1081 2635 procedunt
1098 2556 1131 2614 iu
1149 2556 1290 2613 interiore
1310 2552 1390 2611 aede

278 2642 421 2719 porticus.
464 2660 537 2697 nam
561 2643 641 2699 luter
662 2651 804 2722 quattuor
825 2643 954 2700 maiores
975 2642 1052 2721 pilas
1075 2642 1112 2699 ab
1132 2652 1260 2721 utroque
1279 2640 1390 2713 latere,

279 2722 320 2782 ad
342 2722 502 2783 meridiem
524 2736 554 2784 et
577 2724 615 2783 ad
635 2730 888 2805 septentrionem,
911 2728 953 2783 ita
967 2727 1052 2785 velut
1068 2727 1133 2784 alae
1149 2744 1299 2805 appensae
1317 2734 1391 2785 suut

278 2819 341 2869 tres
362 2811 448 2868 aulae
470 2810 626 2869 inferiores
641 2821 672 2869 et
683 2810 812 2869 totidem
826 2815 1008 2892 superiores,
1030 2821 1066 2869 ut
1083 2812 1121 2869 ab
1137 2814 1198 2870 imo
1211 2814 1390 2890 pavimento

174 2902 195 2955 P
213 2897 267 2957 552
282 2914 352 2974 pars
367 2896 420 2953 illa
437 2894 519 2954 aedis
538 2898 662 2954 interior
674 2905 703 2954 et
715 2895 834 2972 media,
855 2899 963 2975 ingens
979 2906 1132 2971 straena,
1153 2894 1296 2977 procedat
1311 2914 1393 2973 qua-

282 2978 368 3039 drata
389 3000 486 3061 usque
511 2978 551 3038 ad
577 2992 766 3041 curvaturam
788 2984 978 3061 superiorum
1000 2982 1153 3057 aularum,
1179 2979 1288 3040 deinde
1310 2982 1392 3039 intra

281 3076 349 3125 octo
368 3068 447 3145 pilas
466 3069 499 3123 iu
518 3078 639 3125 oratam
654 3066 785 3126 fonnem
801 3064 1009 3143 contrahatur,
1032 3066 1181 3149 usquead
1197 3076 1392 3125 curvaturam

281 3161 422 3232 quattuor
449 3170 574 3210 arcuum
601 3155 813 3212 sustinentium
841 3150 1108 3232 hemisphaerium.
1150 3151 1232 3211 unde
1253 3152 1288 3209 fit
1306 3160 1343 3210 ut
1365 3153 1393 3210 si

281 3256 351 3313 pars
373 3238 427 3294 illa
452 3236 655 3296 consideretur
675 3236 891 3317 comprehensa
913 3240 991 3297 intra
1012 3238 1089 3319 pilas
1107 3247 1138 3296 et
1154 3238 1326 3311 columnas,
1350 3239 1392 3297 sit

283 3321 381 3378 forma
394 3332 497 3396 ovata3
520 3324 546 3381 si
561 3343 632 3381 vero
646 3334 709 3381 tam
722 3328 801 3382 intra
815 3342 908 3404 quam
923 3335 1009 3383 extra
1024 3325 1101 3403 pilas
1114 3326 1326 3403 perspiciatur,
1350 3324 1392 3381 sit

283 3402 442 3546 puadmta.
486 3408 570 3465 aulas
583 3410 656 3467 istas
670 3409 812 3467 cubicula
825 3420 932 3468 vocant
953 3411 1128 3487 scriptores,
1151 3425 1278 3489 quorum
1297 3427 1392 3466 usum

307 3490 427 3547 ascribit
447 3492 592 3550 Paulinus
614 3495 702 3571 epist.
727 3496 781 3568 12,
805 3494 856 3553 uhi
877 3493 913 3554 de
937 3496 1052 3573 templo
1072 3496 1104 3553 S.
1123 3494 1231 3552 Felicis
1251 3492 1391 3552 Nolano:

282 3572 424 3633 cubicula
438 3576 521 3633 intro
531 3578 667 3655 porticus
680 3589 827 3658 quaterna
837 3579 936 3659 longis
950 3578 1093 3637 basilicae
1104 3576 1249 3637 lateribus
1260 3580 1392 3647 ιἰιιεντα,
1495 3592 1496 3599 ’

281 3662 401 3718 secretis
415 3662 567 3737 orantium
582 3662 632 3720 ναί
646 3664 679 3720 in
694 3662 760 3742 lege
778 3664 894 3722 domini
909 3664 1131 3735 meditantium,
1150 3674 1309 3741 praeterea
1327 3682 1393 3720 τιτι-

282 3747 385 3803 marsia
397 3744 604 3825 religiosorum
617 3748 870 3826 acfams'lt'ars'um
884 3749 1122 3807 accommodatos
1136 3749 1181 3806 ad
1189 3751 1279 3827 pacis
1291 3760 1395 3805 aeter-

281 3850 340 3888 nae
352 3834 482 3909 requiem
496 3830 575 3889 lacos
585 3833 739 3910 praebent.
772 3837 947 3893 Anastasius
957 3836 989 3892 in
1004 3836 1109 3913 Sergio
1123 3836 1189 3891 PP:
1212 3834 1264 3891 Ιιίο
1279 3844 1395 3891 tecuam

282 3925 311 3972 τί
327 3914 468 3974 cubicula
484 3919 626 3976 universa
647 3920 680 3977 ιἰι
700 3922 828 3977 οἰεοιιὶίιι
850 3918 991 3978 basilicae
1012 3918 1053 3978 B.
1078 3918 1176 3977 Pauli
1197 3918 1329 3997 apostoli
1347 3952 1394 3962 ·-
1495 3946 1496 3953 ι

281 4000 444 4058 studiosius
470 4006 626 4061 renovavit
648 4025 687 4062 αο
715 4007 877 4082 reparavit.
924 4002 1071 4063 eiusmodi
1096 4004 1303 4063 cubiculorum
1328 4022 1394 4062 non

281 4086 377 4145 semel
399 4087 472 4144 alibi
494 4091 648 4163 meminit,
671 4108 689 4147 a
711 4091 819 4171 quibus
834 4090 1017 4170 capellarum
1031 4100 1218 4165 nostrarum,
1241 4092 1288 4149 uti
1306 4108 1392 4147 nunc

282 4172 489 4250 appellantur,
513 4176 595 4252 origo
615 4172 735 4233 ridetur
757 4174 925 4255 desumpta.
969 4177 1098 4238 οίιιίσιιοι
1116 4172 1255 4234 dicuntur
1270 4174 1302 4233 S.
1320 4174 1392 4232 Nilo
1495 4192 1496 4195 ’

282 4254 322 4314 ad
345 4256 593 4337 olympiodorum
612 4262 799 4339 praefectum
819 4264 852 4320 in
875 4262 1081 4339 Descripticue
1101 4260 1209 4340 templi
1225 4261 1262 4319 ab
1280 4256 1393 4317 eodem
1495 4276 1496 4285 ¹

282 4339 499 4424 Olympiodoro
513 4348 674 4406 exstracti:
696 4344 731 4411 ίν
747 4344 782 4411 di
796 4351 841 4433 τρο·
859 4350 956 4431 καινῷ
970 4344 1045 4432 clap
1064 4350 1187 4424 πολλοῖς
1205 4344 1262 4425 καί,
1276 4336 1395 4425 ὃιαφό·
1495 4322 1496 4399 J
