3017 4900
712 361 774 429 DU
799 355 941 426 clttfflt

444 521 586 610 τῦτταχὲος
600 529 694 605 τοῖχοι
708 524 846 605 πίσυρες,
868 519 978 628 γυμνοὶ
995 517 1050 602 μὲν
1067 519 1222 620 ὁρᾶσθαι,

441 605 1294 779 :ttazrestuititur‘cuttu

442 777 560 930 τεέτχοὶχι
574 780 771 928 χοιοηιῖέντες
782 773 1002 920 ἔφεδχήσσοιχσι
1015 737 1177 856 depellere,

175 959 199 1015 Ρ
215 959 267 1019 544
283 951 378 1032 pilas,
398 882 997 1032 inquslitppprsopppss‚topngupppppttcneop-
1011 945 1099 1019 calx,
1121 961 1214 1024 quam
1230 942 1331 999 rivam
1350 951 1385 1000 et

280 1037 493 1096 inexstinctam
511 1047 636 1113 vocant,
656 1055 718 1095 non
738 1037 892 1110 bitumen,
914 1031 967 1093 sed
987 1031 1147 1111 plumbum
1164 1027 1279 1086 lacunis
1296 1028 1385 1084 inlu-

281 1141 365 1198 sum,
388 1117 463 1185 dita?
480 1117 627 1202 μόλυβδος
642 1119 673 1195 ἒς
686 1119 776 1202 τέλμα
790 1119 896 1200 χυθεὶς
909 1117 961 1180 sui
976 1111 1086 1196 μεταξΰ
1100 1108 1265 1192 πανταχόσε
1279 1107 1385 1212 χαιρή-

281 1225 353 1282 σαο,
377 1211 440 1270 τῶν
461 1229 493 1269 τε
513 1208 612 1268 λίθων
632 1209 674 1290 τῇ
693 1203 826 1284 οἱομονία
844 1197 1005 1284 besmede
1019 1200 1072 1264 sui
1086 1197 1220 1262 συνδέων
1241 1191 1387 1273 diluisse

282 1286 406 1436 pisodp.
449 1290 532 1373 quod
552 1301 582 1349 et
602 1292 700 1368 attigit
716 1267 904 1435 Silepfiangs
918 1298 995 1368 part.
1010 1291 1031 1350 2
1047 1289 1148 1428 v-tr'Ot
1186 1293 1217 1341 at
1231 1304 1260 1343 r·
1275 1285 1317 1350 39
1333 1284 1385 1344 ri-

304 1387 371 1437 etur
383 1397 507 1436 innuere
521 1378 690 1436 immissam
705 1377 739 1435 in
775 1378 782 1394 '
843 1395 858 1433 c
890 1393 954 1434 cem
966 1390 1057 1431 arena
1069 1389 1135 1428 mlx
1149 1385 1216 1428 am:

752 1397 773 1457 P
902 1451 947 1521 oio
967 1453 1018 1521 tert
1038 1454 1149 1536 μέσσου

446 1549 558 1627 ψῆγμα
570 1538 784 1622 mascrime
796 1543 888 1606 λίθον
903 1544 1053 1646 πχοχοῇσι
1065 1532 1222 1621 κεράστας,

446 1629 597 1710 ἆομονίην
614 1625 747 1704 ξύνασεν
762 1623 842 1711 liudp
856 1631 1002 1710 δομητορι
1015 1624 1113 1732 τέχνχ.

282 1716 332 1774 oui
353 1715 482 1773 concinit
505 1719 700 1794 Anonymns,
722 1715 855 1774 scribens
877 1714 1023 1792 ἔμπλασιν
1045 1731 1170 1773 παντων
1186 1710 1248 1770 τοῖν
1262 1711 1387 1772 ττινσοῖν

280 1800 394 1857 factam
412 1819 477 1858 esse
494 1795 565 1879 pasci
580 1799 681 1862 ἐλαίου
694 1799 745 1862 καὶ
760 1793 922 1880 α’σβέστον,
940 1796 1084 1878 additque
1101 1796 1206 1854 ferreis
1226 1804 1385 1873 praeterea

282 1884 419 1942 vectibus
431 1886 562 1942 invicem
575 1903 728 1943 connexos
741 1903 806 1943 esse
820 1883 947 1963 lapides,
964 1903 1004 1942 ne
1017 1881 1255 1940 convellereutur
1269 1899 1304 1936 ac
1318 1879 1386 1939 dis-

281 1971 409 2027 silirent.
452 1967 533 2050 quod
554 1988 626 2029 vero
647 1967 736 2027 tradit
755 1972 918 2048 Procopius
936 1968 1069 2046 singulas
1085 1967 1163 2046 pilas
1179 1963 1290 2023 habere
1307 1965 1385 2025 duas

281 2054 438 2111 columnas
466 2057 499 2111 in
531 2055 578 2112 sui
604 2051 725 2130 medio,
754 2056 798 2113 sic
821 2074 839 2113 a
864 2055 963 2133 Gyllio
987 2051 1179 2111 describitur:
1209 2051 1254 2108 ad
1282 2069 1388 2109 eorum

282 2135 447 2218 (arcuum)
468 2140 563 2197 imam
574 2150 768 2198 curvaturam
782 2149 928 2197 extremae
931 2149 1037 2218 partes
1050 2136 1132 2195 ultra
1141 2135 1224 2214 pilae
1232 2137 1388 2212 proiectae

281 2225 317 2280 in
334 2222 479 2300 sphaerae
498 2235 640 2303 quartum
658 2235 780 2302 purtem
796 2225 974 2293 recedentes,
996 2243 1075 2303 quae
1091 2223 1230 2280 :nituntur
1242 2231 1389 2299 quattuor

281 2307 435 2378 arcubus,
471 2310 526 2388 qus'
551 2319 756 2367 sustentantur
781 2308 900 2368 duobus
924 2307 1002 2387 pitis
1032 2305 1196 2366 mtrwrttua
1216 2316 1247 2362 et
1263 2305 1389 2366 drmbur

281 2391 456 2452 maioribus.
502 2403 644 2473 quattuor
672 2396 751 2454 enim
771 2394 859 2475 pilos
887 2397 1014 2454 maiores
1038 2413 1099 2451 nors
1120 2391 1217 2451 tolum
1237 2394 1390 2452 amttnmt

282 2488 427 2558 quattuor
444 2498 535 2537 arcus
554 2481 694 2550 maiores,
725 2480 889 2539 sedetiam
910 2499 1014 2539 earum
1033 2478 1174 2558 smgrclue
1197 2477 1272 2535 ἅιωο
1292 2498 1389 2537 arorss

279 2566 426 2634 nsinoree,
448 2584 543 2622 unum
555 2576 729 2644 pergentem
751 2569 786 2623 s'rs
810 2566 1029 2646 longitudinem
1045 2564 1174 2622 alterum
1193 2565 1226 2621 in
1243 2563 1389 2623 latitudi-

280 2666 366 2720 rtem,
387 2646 496 2728 quibus
511 2650 656 2729 templum
666 2650 755 2731 longe
762 2654 933 2731 porrigitur
945 2661 974 2709 et
985 2649 1046 2708 luto
1058 2648 1215 2708 dilatum
1484 2668 1485 2679 ¹

370 2775 423 2838 29.
466 2776 503 2835 in
515 2775 611 2835 altum
624 2772 750 2855 proinde
764 2772 889 2837 eductae
903 2786 1043 2858 quattuor
1055 2778 1183 2837 maiores
1197 2776 1277 2855 pilae
1293 2786 1389 2857 quat-

283 2867 353 2917 tuor
368 2861 497 2920 maiores
517 2880 602 2921 arcus
621 2871 805 2937 sustentant,
827 2865 929 2944 quiin
946 2861 1094 2945 quadrum
1112 2862 1241 2921 connexi
1258 2863 1390 2921 interie-

285 2956 369 3003 ctum
392 2964 469 3025 opus
489 2947 523 3004 iu
543 2948 686 3025 trianguli
710 2946 840 3007 formam
861 2950 893 3007 in
913 2958 1054 3030 quattuor
1074 2948 1217 3007 lateribus
1238 2946 1387 3023 efficiunt,

284 3032 371 3089 cuins
387 3032 449 3089 ima
463 3050 532 3111 pars
547 3052 648 3111 presse
663 3034 827 3113 intercepta
841 3053 964 3093 arcuum
974 3036 1055 3093 coitu
1068 3044 1188 3092 acutum
1201 3032 1272 3090 facit
1285 3052 1388 3112 angu-

282 3114 350 3173 lum
366 3116 521 3192 infimum,
542 3136 578 3176 ac
596 3120 731 3198 superior
748 3138 815 3179 sese
831 3118 986 3199 explicans
999 3116 1222 3199 hemisphaerio
1237 3120 1387 3176 teunina-

283 3209 351 3275 tur,
375 3212 547 3283 ceterosque
561 3204 687 3281 angulos
698 3205 743 3261 ibi
757 3205 859 3265 efficit.
900 3207 944 3264 ita
959 3206 1140 3285 Procopius3
1165 3200 1247 3285 quod
1265 3212 1295 3261 et
1312 3204 1388 3263 atti-

283 3285 330 3364 git
346 3285 535 3347 silentiarius
549 3298 625 3368 part.
641 3292 662 3352 2
678 3308 707 3348 r.
724 3288 785 3353 68:

612 3366 771 3437 ἐνέσονται
787 3367 819 3437 δ’
835 3366 886 3437 ἶσα
898 3366 1035 3461 spsyas'vp

448 3458 548 3533 τοῖχος
562 3453 756 3531 uastarent.

282 3536 317 3594 in
337 3534 385 3596 his
403 3540 560 3617 triangulis
582 3543 718 3601 visuntur
738 3543 904 3603 etiamnum
924 3538 1015 3603 hodie
1031 3549 1171 3624 quattuor
1182 3540 1390 3621 evangelistae

285 3639 376 3702 opera
393 3624 510 3684 musivo
524 3622 645 3703 depicti.

370 3752 422 3813 30.
464 3752 609 3822 Quattuor
634 3751 727 3831 igitur
753 3771 840 3813 arcus
868 3752 998 3813 mdores
1021 3753 1054 3810 in
1075 3748 1212 3811 ordInem
1235 3749 1390 3833 quadrum
1484 3762 1485 3767 ’

286 3830 423 3913 dispositi
441 3836 512 3915 pilis
528 3837 594 3895 istis
610 3847 750 3917 quattuor
761 3837 924 3897 maioribus
940 3837 1133 3913 incumbunt,
1154 3837 1314 3897 fulcientes
1327 3836 1389 3897 he-

283 3917 510 3998 misphaerium.
552 3924 731 4003 Procopius:
752 3920 802 3987 issi
820 3918 940 3998 τούτοις
957 3920 991 3986 di
1013 3917 1123 4001 ἀψῖδες
1136 3920 1273 4001 τέσσαρες
1290 3922 1326 3985 is
1338 3946 1390 3987 ττ-

283 4001 460 4088 τραττλτσρῳ
480 4000 657 4085 α’νὲχονσιν,
677 4010 719 4066 ita
742 4018 777 4067 nt
796 4026 900 4067 earum
917 4010 1015 4088 capita
1031 4006 1102 4065 bina
1117 4018 1223 4067 coeant
1235 4010 1390 4088 pilarum-

285 4108 346 4170 qne
366 4091 496 4169 fastigiis
513 4093 695 4169 innitantur,
716 4103 890 4153 curvaturae
911 4112 983 4154 roro
999 4096 1032 4152 in
1047 4092 1238 4153 altitudinem
1251 4096 1389 4153 immen-

284 4194 352 4234 sam
376 4172 554 4235 educantur:
589 4173 627 4240 τὰ
648 4175 682 4240 tt
705 4176 746 4260 dei
768 4175 843 4242 citis
863 4176 1015 4265 ἐπηρμένοι
1040 4178 1084 4253 ric
1106 4172 1276 4261 turmo
1299 4174 1390 4257 ὕψος
1484 4248 1485 4251 χ

283 4255 430 4345 χίοίρηται.
472 4280 509 4320 ac
521 4259 582 4323 duo
599 4261 724 4344 quidem
739 4283 842 4342 meus,
863 4268 916 4346 qui
927 4262 969 4324 ad
982 4265 1129 4324 orientem
1142 4274 1172 4323 et
1189 4262 1229 4323 ad
1242 4261 1390 4324 occiden-

285 4357 347 4405 tem
365 4347 573 4428 porriguntur,
593 4368 689 4411 vacuo
706 4352 739 4411 in
760 4356 829 4414 sere
849 4352 939 4412 erecti
958 4360 1052 4412 stant:
1074 4352 1135 4413 sris
1152 4344 1186 4414 di
1206 4343 1333 4431 α’ψίραν
1355 4348 1392 4414 ei
1484 4350 1485 4421 ἶ
