3017 4900
273 327 345 398 130
716 324 928 410 QUERCIUS

269 493 380 556 Christi
395 495 466 556 618.
511 511 551 552 ex
567 491 707 553 omnibus
724 489 807 552 hisce
826 491 995 552 auctoribus
1014 491 1087 551 satis
1111 491 1209 572 liquet
1226 487 1286 550 hoc
1306 491 1385 572 pri-

269 601 354 639 mum
365 579 480 636 bellum
493 579 670 654 albericum,
699 579 749 636 vel
766 581 867 658 potius
883 575 1141 658 depraedatoriam
1156 579 1383 651 incursionem,

270 676 367 724 actem
383 683 462 739 esse,
491 678 561 722 curu
581 661 680 722 adhuc
694 663 850 737 Heraclius
873 665 906 720 in
927 663 1001 722 urbe
1023 673 1208 736 versaretur,
1239 681 1383 721 acauno

266 770 388 830 prorsus
401 751 521 828 imperii
539 751 621 808 illius
636 752 656 811 9
673 759 702 806 et
717 747 829 807 Christi
843 750 915 822 619,
930 751 1067 829 quamvis
1079 750 1201 826 Pagins,
1224 768 1295 806 cum
1308 747 1384 807 dis-

268 834 399 902 sidentes
413 837 493 892 inter
509 854 541 892 se
558 836 745 914 cognovisset
759 845 912 893 auctorem
922 831 1054 892 chronici
1061 831 1385 902 Pascheliset'l'heo-

267 918 418 1001 phanem,
447 921 480 976 in
500 939 613 977 annum
634 921 694 984 621
710 918 744 976 id
762 916 959 977 reiiciendum
974 921 1131 997 putaverit.
1176 917 1231 976 sed
1244 917 1384 978 dubium

268 1007 452 1066 sustsdeurnt
462 1006 602 1071 Patavina
619 1006 652 1061 in
673 1007 753 1064 notis
772 1003 812 1061 ad
822 1001 1027 1083 Nicephorum
1042 1013 1072 1062 et
1083 1006 1219 1062 Mansius
1239 1007 1271 1061 iu
1290 1006 1383 1062 notis
1496 1056 1497 1059 ,

268 1090 308 1150 ad
322 1093 497 1148 Baronium.
541 1083 746 1166 φιλόπλουτον
760 1083 850 1168 χάριν
871 1108 970 1146 annua
984 1108 1044 1146 non
1063 1087 1155 1148 modo
1169 1090 1279 1146 tributa
1293 1109 1384 1169 pen-

195 1249 198 1258 !
269 1176 340 1236 dere
357 1175 505 1235 Abaribus
519 1194 580 1233 non
596 1175 768 1252 neglexisse
782 1175 971 1248 Heraclium,
994 1171 1154 1232 sedetiam
1169 1194 1295 1232 munera
1309 1177 1383 1232 mi-

271 1264 345 1321 sisse
367 1257 486 1318 videtur
505 1255 555 1316 hic
580 1257 717 1318 adserere
735 1257 856 1318 Pisida:
886 1257 968 1316 unde
982 1257 1126 1318 ridendus
1138 1262 1221 1318 venit
1235 1262 1382 1338 superius

270 1356 453 1406 memoratus
467 1341 632 1420 0trokocsi,
656 1347 709 1424 qui
724 1364 793 1402 cum
807 1363 867 1424 qua
880 1346 996 1402 ratione
1010 1345 1046 1403 ab
1059 1341 1117 1403 hac
1129 1343 1254 1424 perfidia
1269 1356 1382 1402 contra

271 1432 444 1490 Heraclium
459 1449 528 1490 suos
543 1432 669 1490 Hunnos
683 1427 878 1504 defenderet,
907 1449 970 1488 non
993 1431 1174 1505 invenisset,
1202 1433 1245 1488 ait
1255 1450 1291 1507 p.
1309 1432 1382 1492 219

272 1517 394 1576 eosideo
409 1515 625 1592 motoafuisse,
655 1514 738 1594 quod
758 1515 892 1572 artimus
909 1535 940 1571 ce
961 1514 1015 1572 dtu
1034 1517 1214 1594 quiescentes
1226 1516 1384 1572 oontvnni
1496 1556 1498 1567 .

273 1613 302 1660 et
311 1599 488 1681 posthaberi
502 1621 523 1658 a
537 1600 687 1658 Romania
694 1643 707 1671 ‚
736 1598 906 1678 tributoqus
927 1619 962 1657 ex
979 1602 1122 1677 pactione
1136 1599 1233 1658 debito
1246 1599 1380 1678 ἀψαυ-

273 1688 353 1746 duri.
399 1698 431 1745 at
441 1683 544 1744 Pisida
567 1697 668 1744 contra
693 1684 823 1742 affirmat
844 1685 890 1741 nil
906 1686 1088 1743 intentatum
1107 1687 1261 1768 reliquisse
1272 1688 1379 1742 Heru-

274 1775 383 1844 clium,
402 1781 436 1828 ut
451 1790 555 1829 eorum
569 1770 770 1848 foedifragam
782 1780 921 1828 naturam
933 1771 1095 1844 emolliret3
1117 1769 1200 1851 quod
1212 1789 1280 1829 sane
1292 1768 1377 1827 mihi
1496 1812 1498 1815 -

273 1867 318 1914 est
332 1861 424 1914 etiarn
438 1856 622 1934 probabilius
637 1853 676 1913 ad
692 1853 892 1929 credendum,
920 1875 956 1912 eo
971 1853 1054 1935 quod
1071 1858 1136 1934 ipse
1155 1859 1317 1936 imperator
1334 1854 1377 1914 de

272 1943 354 2002 bello
370 1948 472 1999 contra
485 1942 591 1998 Persas
607 1938 757 2000 movendo
772 1938 979 1998 tantummodo
995 1941 1140 1999 sollicitus
1155 1953 1243 2001 esset.

360 2029 412 2090 99.
456 2025 590 2086 Abarum
616 2025 699 2083 fraus
722 2025 883 2082 manifesto
908 2027 1064 2084 evincitur.
1114 2027 1270 2086 Heraclius
1290 2027 1377 2084 enim

275 2107 371 2190 σχέσει
383 2111 534 2189 λογισμῶν
551 2107 695 2168 adhibitis
709 2111 842 2188 primum
851 2111 1069 2188 legationibus,
1096 2109 1149 2173 καλ
1167 2113 1282 2193 dopsoir
1292 2109 1376 2173 siwo-

274 2194 369 2275 σχέσει
375 2237 384 2269 ,
415 2205 445 2254 et
468 2191 577 2253 deinde
600 2197 754 2273 promissis
776 2192 864 2254 donis
886 2194 1004 2254 fiunem
1019 2216 1088 2254 cum
1102 2197 1251 2256 Abaribus
1266 2216 1377 2278 paoem

273 2283 350 2342 inire
364 2279 525 2354 contendit,
542 2290 632 2360 atque
648 2278 681 2338 id
694 2299 754 2338 nou
765 2281 865 2338 verbis
877 2290 995 2339 tantum
1009 2280 1167 2341 sedetiam
1179 2285 1288 2363 scripto
1299 2301 1376 2340 san·

273 2370 368 2426 citum
382 2375 436 2424 est.
480 2363 539 2424 hoc
558 2367 639 2426 enim
657 2376 731 2444 puto
751 2365 918 2443 significare
932 2386 968 2424 ea
984 2367 1075 2425 verba
1096 2372 1205 2430 πειθοῖ
1218 2363 1256 2430 soi
1268 2371 1378 2451 πρᾶτα

271 2451 326 2515 καλ
342 2448 420 2536 λόγῳ
437 2446 474 2513 τὰ
488 2444 620 2532 δεύτεροι.
664 2472 739 2511 vera·
756 2453 849 2530 igitur
872 2452 930 2509 sibi
954 2454 1095 2512 societate
1121 2456 1292 2513 coniunctos
1320 2473 1375 2513 eos
1496 2459 1498 2462 ’

272 2536 384 2596 habere
401 2535 515 2597 studuit
530 2538 696 2597 Heraclius.
741 2535 816 2617 quid
837 2534 920 2617 quod
937 2535 1013 2595 haec
1026 2536 1146 2596 foedera
1160 2538 1226 2618 ipso
1238 2539 1375 2598 Abarnm

272 2643 342 2703 rege
357 2622 500 2701 Chagano
515 2622 667 2699 flagitante
681 2624 740 2679 icta
752 2620 846 2680 sunt‘l
868 2642 933 2679 rem
943 2634 1043 2682 namet
1053 2621 1240 2704 Nicephorus
1250 2646 1285 2703 p.
1298 2627 1330 2688 9.

357 2709 428 2771 105.
472 2707 511 2763 ci.
528 2708 630 2764 Horat.
644 2707 681 2763 Α.
699 2708 783 2764 Poet.
800 2708 873 2769 390.

358 2794 431 2856 108.
475 2788 582 2849 alludit
593 2789 633 2848 ad
647 2788 780 2849 iudicem
792 2791 970 2871 iniquitatis,
990 2791 1029 2851 de
1041 2813 1101 2875 qno
1115 2794 1193 2852 Luc.
1216 2795 1265 2856 18.
1287 2795 1374 2851 Ana·
1496 2781 1498 2790 ¹

271 2878 380 2937 stasius
396 2877 512 2935 Sinaita
528 2887 642 2955 praest.
665 2874 724 2939 149
741 2874 896 2935 diabolum
910 2898 981 2937 eum
995 2899 1061 2939 esse
1073 2876 1164 2938 dicit:
1198 2876 1272 2937 deus
1290 2881 1374 2935 enim

273 2974 375 3021 contra
387 2961 483 3021 iudex
493 2963 598 3037 iustus,
620 2962 705 3020 fortis
721 2971 751 3020 et
765 2962 946 3039 longanimis
958 2975 1015 3023 etc.
1045 2984 1080 3023 ao
1096 2962 1231 3024 diabolus
1246 2962 1374 3045 quidem

232 3095 235 3100 .
273 3046 356 3128 apud
369 3068 408 3107 ss.
422 3058 522 3127 patres
535 3068 624 3127 saepe
636 3043 771 3128 πονηρὸς
785 3046 879 3106 audit.

359 3136 431 3197 110.
474 3130 608 3211 legerem
627 3134 810 3213 μελανθίας,
850 3130 932 3221 quod
952 3152 1065 3192 nornen
1085 3130 1212 3193 deduxit
1229 3130 1327 3192 Pisida
1350 3152 1372 3190 a

273 3218 377 3296 planta
392 3217 557 3277 melanthio
573 3221 636 3277 sive
648 3218 772 3297 nigella,
795 3216 833 3275 de
847 3238 906 3300 qua
918 3215 1107 3277 Dioscorides
1123 3225 1142 3284 8
1160 3222 1201 3285 98
1218 3230 1247 3278 et
1263 3216 1370 3277 Theo-

274 3300 412 3379 phrastus
427 3307 447 3366 7
465 3306 502 3366 92
524 3300 682 3362 melanthii
695 3304 806 3383 quippe
821 3324 924 3362 semen
936 3306 1135 3381 nigerrimum
1149 3315 1205 3363 est.

360 3389 431 3448 112.
474 3385 716 3445 videErasmum
729 3386 837 3469 Adag.
855 3410 890 3469 p.
915 3394 991 3454 169:
1024 3389 1204 3468 Aethiopem
1217 3389 1317 3459 laeua,
1340 3398 1373 3444 et

268 3489 304 3548 p.
322 3471 384 3537 947
394 3488 402 3529 :
424 3470 572 3549 Aethiops
584 3493 644 3529 non
657 3469 791 3530 albescit.
1246 3465 1251 3476 ⁸

363 3558 432 3618 113.
474 3559 580 3615 merito
596 3554 822 3615 fraudulentum
841 3567 870 3616 et
885 3579 954 3617 vere
972 3557 1154 3619 diabolicum
1168 3560 1305 3618 Abarum
1319 3558 1372 3614 in-

273 3642 397 3719 genium
412 3641 544 3718 exagitat
557 3639 674 3701 Pisida:
706 3661 863 3722 nunquam
874 3646 957 3701 enim
969 3649 1084 3726 turpius
1099 3644 1174 3703 fides
1189 3645 1300 3703 violata
1313 3650 1369 3700 est.

271 3746 337 3785 rem
347 3738 417 3806 pete
433 3745 473 3784 ex
485 3724 608 3787 laudato
619 3724 786 3807 Nicephoro
800 3726 893 3802 itata
922 3732 971 3800 cui
985 3742 1149 3791 consonant
1163 3739 1267 3788 auctor
1280 3726 1369 3785 chro-

271 3814 332 3869 nici
346 3809 510 3889 Paschalis,
533 3824 563 3872 et
578 3810 793 3891 Theophanes.

358 3900 428 3961 121.
470 3899 608 3977 imperita
630 3894 781 3978 quaedam
793 3915 901 3955 manus
915 3892 1004 3974 δόλος
1019 3900 1050 3957 in
1065 3892 1163 3973 δόλος
1177 3898 1322 3957 convertit
1336 3897 1370 3954 in

272 3976 389 4055 codice,
420 3985 505 4061 quasi
517 4004 578 4042 vox
592 3978 744 4065 βάρβαρος
761 3984 800 4041 sit
814 3985 933 4060 generis
946 3985 1140 4060 substantivi,
1171 4003 1249 4065 quae
1266 3993 1370 4041 nmen

272 4064 390 4142 saepius
404 4069 530 4125 occurrit
541 4088 596 4147 pro
610 4066 757 4127 adiectivo
772 4078 931 4147 usurpata,
952 4080 987 4126 ut
1003 4088 1031 4128 v.
1045 4070 1118 4134 109.
1175 4075 1180 4084 ’

360 4153 429 4213 122.
473 4154 585 4210 scelera
598 4163 627 4210 et
640 4154 768 4232 flagitia,
797 4152 906 4232 quibus
921 4162 992 4211 bruc
1005 4155 1152 4233 temporis
1167 4152 1369 4211 obruebantur

273 4235 439 4313 (ipolitum,
461 4238 568 4295 tacitus
583 4240 697 4317 carpit..
730 4256 819 4317 porro
835 4236 1004 4312 cedrenus,
1025 4258 1119 4319 quam
1137 4250 1237 4297 essent
1258 4239 1369 4294 civium

274 4323 409 4379 omnium
429 4320 539 4402 perditi
562 4342 678 4399 mores,
709 4323 783 4383 satis
806 4320 935 4384 ostendit
956 4323 1371 4404 nemptonum
