3017 4900
287 363 361 442 ιιι
438 341 441 346 ’
716 366 779 438 nu
804 367 945 436 csncn

286 535 425 596 cocicmn
442 532 534 614 igitur
549 529 625 593 haec
637 529 786 593 conchula
799 533 948 614 appellata
964 541 1017 606 est,
1039 529 1121 613 qnod
1135 540 1213 592 esset
1228 527 1378 612 quodam-

286 619 378 680 modo
391 617 545 700 appendix
557 621 679 679 maioris
695 618 841 679 diaconici
859 639 913 678 sen
925 620 1092 693 secretarii,
1114 619 1146 676 in
1161 636 1220 697 quc
1236 626 1267 675 et
1280 618 1380 676 eccle·

287 709 423 766 siasticae
435 715 534 764 vestes
546 715 577 763 et
592 723 684 780 sacra,
707 707 750 764 uti
764 705 953 785 appellantur
965 705 1087 782 passim,
1102 703 1266 760 ministeria
1280 723 1382 762 ιιιιι-

287 791 448 865 rabuntur,
481 809 523 848 ex
540 809 601 871 qno
614 808 692 870 quae
706 788 745 848 ad
760 809 876 850 sacram
889 791 1043 866 liturgiam
1056 785 1258 868 peragendam
1271 807 1382 848 neces·

287 877 366 937 sarie
379 885 462 934 erant
476 875 690 955 promebantur
702 878 775 934 etin
787 873 864 934 hanc
880 872 1057 934 conchulam
1069 871 1285 947 deferebantur,
1300 891 1380 954 quae

286 959 359 1020 inde
372 958 560 1019 diaconicum
574 961 724 1039 appellata
737 971 793 1020 est.
834 980 906 1019 nam
926 961 959 1018 in
978 969 1077 1018 vestes
1094 977 1192 1018 sacras
1214 956 1380 1018 induebant

287 1056 319 1105 et
333 1043 471 1105 sacerdos
487 1065 570 1104 sacra
581 1046 714 1105 iacturas
730 1056 760 1104 et
777 1044 894 1104 diaconi
905 1045 954 1104 illi
964 1045 1169 1103 ministraturi.
1211 1042 1291 1102 unde
1309 1064 1380 1103 cum

287 1127 513 1210 sceuophylaoii
533 1131 735 1209 appellatione
753 1129 912 1190 donaretur
928 1127 1052 1210 perinde
1070 1131 1168 1187 maius
1182 1125 1380 1204 diaconicum,

284 1213 356 1274 inde
370 1219 461 1274 etiam
474 1214 664 1274 diaconicum
673 1219 774 1276 minus
787 1236 841 1276 sen
856 1213 1001 1274 conchula
1017 1211 1163 1272 diaconici
1177 1213 1381 1294 sceuophyla-

285 1303 367 1360 cium
378 1297 531 1359 interdum
542 1311 681 1375 rocatnr3
703 1299 780 1360 adeo
798 1311 832 1360 ut
854 1319 930 1381 quae
949 1302 982 1358 in
1004 1300 1132 1378 liturgiis
1146 1298 1179 1358 S.
1192 1301 1286 1358 Marci
1301 1310 1332 1359 et
1343 1301 1380 1360 S.

285 1386 388 1445 Iacobi
408 1384 443 1448 ir
466 1387 630 1469 isoscasspi
649 1388 754 1465 peragi
773 1405 892 1465 preces,
926 1395 1032 1444 exacto
1050 1385 1206 1460 sacrificio,
1229 1381 1380 1460 dicuntur,

285 1491 341 1532 eae
365 1473 400 1530 in
425 1471 547 1548 liturgia
569 1469 774 1551 Chrysostomi
802 1470 836 1534 lv
862 1471 1090 1553 cmopolcrslp
1115 1469 1178 1528 ficri
1202 1470 1381 1530 scribantur.

247 1563 249 1567 '
284 1556 436 1616 metatorii
451 1553 828 1636 deniqueappellaticnam
842 1551 946 1614 hahuit
960 1552 1066 1612 eadem
1080 1552 1241 1630 conchula,
1270 1573 1383 1636 qnam·

284 1639 451 1700 admodum
471 1644 569 1700 maius
595 1639 798 1715 diaconicum,
827 1650 861 1700 nt
880 1640 958 1699 inira
974 1639 1151 1719 probamus,
1183 1640 1236 1698 nbi
1248 1641 1381 1700 nominis

285 1729 433 1785 rationem
444 1723 660 1805 expendimus:
679 1746 753 1786 nam
768 1723 877 1786 diserte
890 1721 1112 1803 Euchclogium
1126 1744 1157 1803 P·
1172 1727 1235 1788 623
1247 1727 1383 1790 διακονι-

282 1807 343 1873 suiv
361 1820 391 1868 et
414 1807 595 1890 μιταιαόριαν
617 1810 790 1885 confundit,
816 1828 876 1892 quo
896 1811 962 1870 loco
981 1829 1042 1869 ncn
1058 1819 1103 1868 est
1117 1811 1212 1869 maior
1228 1813 1382 1883 mrists'a,

283 1896 330 1954 uti
342 1895 421 1954 velle
434 1893 553 1954 videtur
565 1897 698 1971 (icarus,
720 1893 776 1956 sed
790 1893 937 1956 conchula
951 1895 1077 1954 bematis
1093 1897 1134 1953 ita
1148 1896 1315 1974 appellata,
1337 1913 1381 1956 ex

283 1998 345 2061 qua
363 1977 532 2059 patriarcha
555 1990 622 2060 post
645 1991 777 2040 cantatas
796 1981 915 2040 tertiam
937 1989 966 2037 et
986 1989 1104 2039 sextam
1126 1978 1200 2040 odas
1225 1979 1264 2040 ad
1283 1983 1380 2041 altare

282 2062 428 2144 procedit,
440 2063 584 2145 ὃξέρχιται
598 2064 643 2139 sic
654 2061 687 2128 ci
697 2060 786 2147 ireos
799 2059 1018 2146 θυσιαστήριον
1031 2063 1064 2128 lu
1077 2067 1132 2128 scri
1145 2064 1253 2145 μέρους
1266 2067 1381 2142 δεξιοῦ.

178 2153 203 2208 Ρ
217 2151 268 2210 581
285 2169 343 2208 nec
356 2149 454 2208 obstat
466 2148 549 2230 qnod
560 2148 601 2210 ad
616 2149 754 2209 dextram
771 2151 873 2208 altaris
886 2147 1075 2208 diaconicum
1089 2160 1215 2224 statuat,
1242 2149 1324 2232 quod
1337 2149 1381 2210 ad

285 2237 437 2295 sinistram
455 2238 572 2314 reponit
591 2233 886 2310 Thessalonicensis,
916 2254 1001 2309 cnm,
1029 2245 1063 2295 ut
1084 2237 1125 2293 ait
1148 2233 1232 2295 idem
1252 2238 1381 2314 Goaurs,

285 2319 427 2379 dextrum
439 2321 490 2380 vel
501 2323 656 2381 sinistrum
665 2321 744 2381 latias
758 2339 813 2400 prc
828 2321 1050 2400 respicientium
1063 2318 1103 2379 ad
1118 2331 1215 2380 ortum
1230 2323 1279 2381 vel
1289 2342 1381 2382 occa·

283 2425 354 2467 snm
365 2407 531 2466 mutatione
543 2406 736 2487 scriptoribus
748 2404 880 2481 dicatum
891 2404 978 2465 adeo
995 2415 1028 2465 nt
1043 2407 1108 2486 ipse
1124 2407 1238 2468 Goarns
1253 2405 1380 2489 prothe-

284 2493 344 2551 sim
357 2490 396 2550 ad
408 2494 576 2567 sinistram,
608 2492 797 2551 diaconicum
818 2512 889 2553 vero
912 2490 951 2551 ad
964 2489 1103 2551 dextram
1119 2503 1244 2568 statuat,
1277 2504 1380 2555 conoe

284 2594 379 2657 quam
397 2574 685 2637 Thessalonicensis.
727 2579 918 2639 metatoriam
940 2578 1050 2657 pariter
1070 2575 1110 2635 ad
1134 2574 1275 2639 dextrum
1298 2580 1380 2639 latus

283 2663 336 2720 vel
349 2659 432 2721 aedis
447 2663 497 2720 vel
509 2662 611 2721 altaris
627 2663 711 2742 ponit
726 2660 878 2721 Gedrenns
892 2665 924 2721 in
937 2665 1038 2722 Leone
1052 2660 1250 2743 philosopho:
1278 2683 1380 2745 neque

284 2748 368 2805 enim
386 2749 507 2805 omnino
530 2756 645 2806 constat
667 2766 705 2806 au
722 2744 760 2805 de
778 2745 890 2807 exedra
915 2745 1065 2807 diaconico
1080 2766 1115 2807 ac
1129 2751 1284 2809 metatoric
1299 2748 1380 2809 dicta

282 2849 324 2889 an
338 2849 410 2890 vero
423 2830 462 2890 da
478 2829 624 2890 machaia
638 2828 747 2891 iisdem
760 2832 932 2893 nominihus
946 2834 1064 2891 locutus
1077 2835 1133 2891 sit:
1154 2834 1256 2893 locum
1270 2832 1379 2895 damus

282 2916 363 2977 infra
374 2935 406 2975 ιι.
419 2919 471 2981 86.
514 2914 569 2975 sed
588 2927 618 2975 et
635 2936 696 2976 non
719 2916 828 2976 desunt
849 2918 902 2997 qui
919 2928 1015 2976 totum
1035 2918 1160 2977 hamatis
1176 2929 1261 2977 extra
1275 2920 1378 2979 altaris

281 3002 351 3060 vela
365 3010 456 3083 atque
468 2998 545 3062 adeo
559 3012 645 3061 extra
655 3004 800 3061 maiorem
814 3000 958 3061 concham
971 3004 1101 3082 spatium
1116 3002 1304 3063 diaconicum
1321 3024 1379 3085 ap-

281 3087 430 3165 pellatum
441 3089 561 3161 volunt,
590 3086 691 3168 qnod,
720 3107 791 3147 cnm
803 3090 881 3147 intra
893 3088 961 3147 vela
977 3107 1031 3148 scu
1046 3082 1317 3169 παραπετάσματι,
1340 3088 1379 3149 de

282 3171 393 3251 quibus
408 3189 484 3231 mox
497 3191 636 3250 agemus,
658 3174 731 3231 solis
746 3169 949 3233 sacerdotibus
966 3174 1125 3233 consistere
1147 3174 1268 3249 liceret,
1299 3192 1380 3256 quaa

281 3255 411 3315 bematis
433 3276 502 3336 pars
523 3256 595 3316 inde
620 3257 767 3339 ἱερατιῖαα
780 3260 898 3337 proprie
915 3255 994 3317 dicta
1016 3269 1075 3334 est,
1104 3260 1221 3339 reliqna
1243 3258 1379 3321 diaconis

281 3343 429 3417 permissa
444 3352 538 3417 essct,
560 3345 660 3423 utqui
676 3341 716 3401 ad
730 3353 887 3424 utramque
903 3341 1099 3419 conchulam,
1115 3345 1280 3423 prothesios
1294 3346 1380 3404 scili·

281 3434 331 3481 cet
346 3435 376 3483 et
390 3424 592 3498 duwaicum,
602 3446 658 3505 pro
667 3427 760 3487 officit
773 3430 885 3489 ratione
896 3426 1043 3508 pergendi
1057 3431 1133 3489 etin
1146 3432 1183 3489 iia
1196 3429 1380 3489 consistendi

280 3527 404 3567 necesse
417 3508 572 3569 haberent.
593 3530 666 3569 uun
677 3512 812 3590 Symeon
825 3510 1104 3575 Thessalonicensis
1116 3515 1193 3575 libro
1208 3514 1246 3575 de
1262 3516 1378 3595 templo

281 3596 325 3651 ait
337 3596 415 3653 nulli
431 3594 522 3654 licere
543 3597 577 3653 in
593 3614 677 3655 sacru
695 3594 859 3675 synthrcnc
872 3596 976 3658 sedere
991 3610 1200 3680 praeterquam
1212 3598 1379 3661 sacerdoti-

279 3678 353 3752 hns,
385 3698 420 3737 ac
440 3700 480 3738 na
500 3682 573 3759 ipsis
598 3680 722 3762 quidem
745 3680 894 3758 diaconis,
928 3684 1036 3764 quibus
1057 3686 1134 3745 alins
1151 3687 1310 3746 attributus
1332 3696 1377 3745 est

280 3762 381 3838 locus,
403 3760 439 3838 ic
452 3758 652 3840 dsccicsiicr
666 3760 838 3843 cs’adnocrus
852 3764 1038 3846 ὄιααοοιιιόν,
1061 3769 1137 3833 ἔνθα
1150 3768 1202 3831 καὶ
1213 3774 1375 3851 καθῆσθαι

280 3843 398 3923 τούτοις
413 3843 470 3913 osis
485 3843 657 3926 haimo,
683 3851 871 3913 diaconicum
885 3871 1012 3933 nempe,
1041 3856 1125 3914 locus
1145 3857 1188 3914 sic
1208 3854 1322 3931 dictus,
1343 3856 1375 3915 in

280 3950 342 4013 quo
354 3933 507 3994 considera
522 3937 567 3994 eis
582 3936 698 3995 licitum
709 3939 759 3997 sit.
801 3936 872 3997 hnic
894 3938 1017 4019 quidem
1035 3942 1200 4001 sententiae
1219 3943 1321 4001 nesdc
1336 3960 1375 3999 an

279 4018 381 4077 faveat
391 4022 526 4079 Lexicon
538 4022 591 4080 Gr.
607 4041 665 4097 ms,
686 4021 768 4103 quod
782 4032 882 4083 exstat
893 4025 926 4083 in
940 4026 1014 4085 bibl.
1027 4027 1103 4104 lieg.
1116 4022 1183 4085 0ch
1200 4030 1301 4101 2062,
1322 4025 1374 4085 ubi

278 4101 496 4185 παραπέτασμα
509 4099 544 4168 sd
560 4103 753 4183 διατιοιιιιόν,
780 4104 814 4172 ed
827 4101 1049 4192 παρακάλυμμα
1062 4130 1128 4171 ιιιι
1143 4108 1266 4171 dicitur:
1288 4108 1375 4169 vide-

282 4198 333 4247 tur
343 4191 424 4248 euim
437 4186 613 4254 διαιοιιιιδν
626 4193 772 4271 appellari
786 4194 889 4253 velum
902 4194 1020 4271 altaris,
1043 4199 1129 4276 qussi
1141 4206 1238 4255 tctnm
1247 4196 1375 4255 bematis

281 4276 429 4353 spatium,
451 4273 532 4356 qnod
548 4286 633 4336 extra
644 4278 714 4337 vela
725 4278 829 4339 altaris
840 4288 938 4359 patet,
971 4278 1159 4341 diaconicum
1173 4283 1230 4356 sit,
1261 4282 1376 4362 etquis

280 4360 313 4418 in
328 4378 365 4421 eo
380 4372 412 4421 et
426 4362 586 4422 continere
603 4370 635 4423 st
653 4362 796 4445 progredi
816 4384 871 4445 pro
889 4364 1050 4427 imrctionis
1071 4386 1142 4427 suae
1155 4369 1288 4446 ratione,
1314 4384 1377 4433 nors
