3017 4900
421 313 675 388 DESCRIPTIO
698 313 735 388 S·
759 315 951 390 surm
1160 317 1235 393 155

128 491 298 566 snnqnans
318 477 360 542 erl
377 461 467 544 brun¹
488 501 544 544 sen
565 479 607 543 sel
627 481 722 544 sltare
738 481 952 564 procederent,
971 479 1108 546 fidelium
1120 485 1237 548 selun-

127 572 233 630 tiones
253 570 444 649 exciperent,
465 589 521 630 seu
538 569 662 629 illoram
674 589 708 630 se
724 571 908 631 orationibus
931 571 1158 649 oommendare,
1180 592 1247 634 seu·

18 674 19 729 3
129 653 173 712 ‹le
187 655 336 732 negotiis,
358 655 565 716 ecelesiastiois
577 657 773 736 praesertim,
796 658 915 716 nunriis
930 676 1019 736 agera
1035 659 1160 718 vellent.
1203 656 1241 722 id,

18 740 19 799 Ϊ
130 741 326 820 potissimum
340 741 492 818 colligitur
505 760 547 800 ex
560 743 704 820 Gregorio
717 742 761 800 Μ.
774 742 797 800 l.
810 738 832 806 4
847 743 934 822 epist.
949 743 990 808 54
1004 752 1034 800 et
1047 745 1098 818 98,
1119 746 1152 802 in
1166 745 1239 824 qui-

130 825 192 884 bus
212 827 395 906 praeripitur
417 827 564 906 episeopis
585 837 638 886 sut
660 824 910 908 archiepiscopis,
931 827 1062 887 &mineio
1082 829 1147 886 iam
1154 828 1239 904 filiis
1262 819 1265 828 ¹

131 909 289 982 aelurus,
309 931 331 970 a
354 910 531 970 „brantio
549 911 595 970 ad
613 931 703 970 suoru
722 915 885 972 missorum
906 911 1042 971 ιοὶιιιηία
1059 912 1238 972 celebranda

130 1015 205 1056 omn
226 995 321 1076 pallio
340 993 520 1075 prooetlere3
545 1007 576 1056 et
595 997 730 1078 Sulpioio
749 998 862 1058 Severo
881 993 1240 1058 Dial.devites.1tter-

130 1083 229 1145 rini2
251 1086 284 1156 l,
303 1080 358 1140 ubi
377 1079 497 1142 disertis
514 1082 614 1142 verbis
636 1081 777 1142 diountnr
792 1081 961 1162 presbyteri
971 1085 1005 1140 in
1021 1085 1176 1142 secretorio
1191 1103 1240 1141 ss-

130 1167 219 1237 dere,
249 1166 301 1226 vd
319 1165 552 1226 saluwuonibur
573 1178 716 1228 vooontu
734 1168 787 1228 vel
807 1167 967 1228 audiendis
990 1167 1241 1246 negotr'otrbnibns

131 1253 289 1330 oooupoti;
318 1271 378 1333 quo
399 1263 472 1312 tuno
490 1264 626 1333 ternpore
644 1261 784 1314 rotantur
804 1251 924 1314 disooni
943 1255 976 1314 in
993 1255 1151 1314 secretario
1171 1273 1242 1314 oum

130 1337 319 1418 presbyteris
331 1335 436 1397 sedere
448 1339 482 1396 in
496 1340 604 1397 oonoil.
617 1339 731 1398 Arelat.
746 1357 788 1415 ιι,
811 1342 857 1398 uti
873 1357 963 1420 supra
978 1339 1168 1398 observatum
1184 1349 1242 1399 est.

132 1433 218 1497 uerte
236 1423 410 1504 pontilioern
425 1442 508 1483 saore
523 1423 690 1499 tectorum,
712 1433 876 1505 antequam
892 1423 933 1483 ad
949 1424 1042 1483 altare
1054 1421 1240 1504 prooaderet,
1312 1484 1313 1492 ,

131 1527 153 1567 ιι
171 1507 310 1568 diaeonis
332 1509 457 1568 saturon
479 1510 638 1570 observare
657 1518 704 1568 est
723 1529 765 1568 ex
783 1507 888 1568 ordine
901 1511 1057 1569 Romanor
1084 1529 1154 1568 nem
1171 1529 1241 1570 vero
1286 1549 1289 1556 ι

133 1592 294 1652 menam
315 1596 461 1654 introierit
479 1594 631 1674 pontifex,
660 1613 723 1652 non
742 1595 878 1653 moendit
902 1595 1042 1652 oontinuo
1063 1595 1108 1654 od
1128 1593 1243 1666 altare,

132 1678 191 1738 red
204 1680 296 1757 priseo
312 1681 409 1738 intrat
429 1682 463 1738 in
482 1681 688 1738 aeneorum.-
709 1709 754 1724 -
775 1677 829 1737 ubi
842 1699 912 1738 oum
925 1680 1095 1750 intraverit,
1113 1679 1194 1738 redet
1207 1681 1243 1738 in

132 1763 214 1822 sella
235 1784 308 1835 rua,
328 1775 358 1822 et
376 1763 499 1824 ὼωιιί
515 1764 648 1824 mlutoto
657 1763 802 1844 pontifics
815 1764 1010 1844 egrediantur
1020 1764 1058 1822 de
1071 1765 1242 1837 smetorr'o5

133 1851 259 1909 tametsi
269 1846 346 1908 baeo
358 1849 449 1909 rerba
463 1849 501 1908 ds
516 1850 695 1910 salutatione
706 1851 802 1930 sooipi
816 1869 905 1930 posse
918 1869 979 1909 non
994 1847 1134 1926 diffiteor,
1148 1868 1243 1930 quarn

134 1933 287 1994 exhibent
310 1933 430 1994 dianoni
450 1937 627 2029 priusquam
645 1957 663 1994 e
679 1938 838 1995 seoretsrio
854 1932 1012 1994 exoedsnt.
1054 1954 1112 1994 neo
1123 1937 1187 1994 soio
1202 1953 1244 1994 en

136 2023 233 2080 etiam
251 2022 285 2078 in
305 2021 480 2080 salutatorio
498 2021 698 2082 salutarentur
714 2021 847 2101 episcopi
862 2039 879 2078 a
892 2021 1074 2100 presbyteris
1087 2019 1246 2080 diocoesa-

134 2109 197 2166 nis.
230 2108 265 2164 in
279 2107 408 2166 coneilio
423 2108 536 2186 quippe
550 2109 683 2166 Nioaeno
694 2107 787 2166 Arab.
800 2125 827 2165 o.
842 2105 883 2170 bb
898 2107 1081 2186 praeripitur
1093 2117 1128 2165 ut
1141 2105 1246 2186 eliore-

132 2194 280 2271 pieoopue
292 2189 338 2250 bio
346 2211 404 2270 per
415 2212 532 2250 annum
543 2202 702 2272 congreget
714 2189 902 2271 presbyteros
913 2191 959 2250 ad
968 2190 1167 2250 salutandum
1180 2191 1247 2270 epi-

135 2298 264 2356 seopum
285 2288 316 2334 et
335 2276 515 2336 ruderum
533 2296 565 2336 ιι
584 2281 613 2335 ei
630 2288 659 2336 et
677 2278 914 2336 communionum
929 2295 1044 2335 comeo
1058 2275 1247 2347 babendum,

136 2362 438 2442 aprandemreum
451 2361 853 2443 eo‚fiatqruhoeprimum
867 2363 993 2420 institis
1006 2363 1095 2434 mini,
1115 2360 1246 2421 remando

136 2470 209 2511 wo
226 2452 262 2509 in
273 2449 358 2529 festo
381 2450 602 2508 resurrectionis
615 2448 648 2508 d.
663 2470 696 2507 n.
712 2450 783 2509 leus
797 2448 921 2507 Cbrietr'.
964 2448 1113 2507 incertum
1132 2450 1247 2528 pariter

135 2554 176 2595 an
200 2533 243 2594 ad
267 2534 323 2594 bas
343 2536 539 2595 saluntiones
555 2533 693 2593 fidelium
712 2534 818 2595 referri
834 2530 942 2593 debeat
956 2552 1052 2593 oanon
1067 2535 1108 2597 12
1125 2532 1246 2593 oonoilii

135 2622 313 2681 Tieinensis
326 2621 383 2681 sub
396 2622 499 2680 brono
512 2640 546 2680 rr
559 2622 627 2695 Pr,
649 2639 710 2701 quo
723 2617 921 2701 prohibentur
934 2621 1121 2698 poenitentes
1135 2636 1246 2678 vooars

135 2704 388 2779 nlutatrbnibne,
407 2708 451 2765 ita
466 2717 501 2765 nt
513 2708 551 2765 iis
564 2704 757 2765 interdiotnm
775 2706 867 2765 inerit
882 2703 1052 2764 saoerdotes
1066 2706 1098 2763 in
1112 2714 1245 2765 seorsta-

136 2793 184 2851 rio
208 2791 354 2868 salutare,
383 2789 467 2873 qnod
480 2788 620 2851 fidelibus
637 2792 764 2866 lioebet,
784 2792 836 2851 rel
856 2800 936 2851 uerte
960 2788 1043 2851 domi
1064 2790 1245 2850 salutatores

136 2875 311 2937 admittere.
354 2874 610 2959 quemadmodum
631 2888 732 2936 nutem
752 2877 1108 2957 episeopiiuseoretariis
1129 2876 1245 2935 saluta·

137 2964 276 3023 tionibus
297 2964 458 3039 vacabant,
479 2964 566 3021 itaet
580 2962 757 3022 abbatissae.
800 2964 912 3043 quippe
929 2962 963 3019 in
980 2962 1098 3039 Regula
1116 2962 1150 3021 S.
1165 2961 1246 3019 Cas-

137 3051 214 3109 ssrii
232 3068 261 3107 o.
273 3050 315 3115 86
336 3060 366 3108 et
385 3052 461 3129 lieg.
475 3048 510 3107 8.
521 3048 632 3106 Donati
647 3067 674 3106 o.
691 3047 734 3113 67
752 3044 829 3105 bseo
845 3046 937 3106 rerba
955 3044 1122 3105 habentur:
1144 3044 1247 3105 obser·

136 3134 281 3196 mutim
296 3146 341 3193 eet
357 3154 395 3194 ns
411 3132 829 3193 abbonbmadrolutotiones
847 3134 881 3189 in
897 3129 1248 3189 salutotoriumrinedi·

136 3239 205 3302 gno
225 3219 339 3279 honore
361 3240 428 3296 ruo,
451 3218 509 3278 troo
520 3220 636 3277 retruso
651 3216 773 3277 &abne
784 3227 839 3276 out
851 3216 947 3275 tribus
959 3214 1122 3287 sororibus,
1138 3234 1248 3293 prooe-

139 3306 209 3366 dat.
255 3316 285 3365 et
301 3325 328 3365 o.
344 3303 403 3369 40:
424 3305 453 3364 ei
465 3302 633 3377 abbatum,
654 3315 691 3363 ut
702 3302 825 3374 aseolet,
845 3322 915 3361 eum
930 3300 1144 3361 edutotorrbus
1158 3320 1249 3359 oceri-

138 3390 419 3471 praefiniunt
439 3392 472 3448 in
491 3391 748 3471 Reoapitnlatione
768 3388 901 3468 Regulae
923 3388 956 3448 Β.
978 3388 1110 3447 Caesarii
1130 3406 1157 3445 o.
1174 3389 1195 3451 8
1219 3394 1250 3444 et

142 3478 263 3555 Regulo
281 3478 314 3537 S.
335 3476 493 3535 Aureliani
512 3477 615 3556 Epiro·
635 3494 663 3536 o.
684 3480 700 3540 1
724 3476 909 3556 praecipitur
926 3484 962 3535 ut
980 3490 1185 3553 quaecumque
1206 3469 1253 3531 ad

143 3565 366 3621 conversionem
382 3562 510 3633 venerit,
529 3560 639 3641 regula
659 3562 687 3619 ei
701 3563 736 3619 in
749 3560 925 3621 salutatorio
941 3560 1072 3639 legatur.
1118 3556 1251 3637 denique

142 3648 495 3707 inconcinnitatem.
508 3667 521 3707 r
537 3666 603 3708 oan-
616 3650 638 3711 2
653 3656 794 3707 vetentur
807 3647 867 3706 vrri
877 3648 958 3705 intro
972 3644 1184 3705 mlutntorium
1196 3650 1255 3700 aret

144 3734 311 3792 oratorium
334 3734 507 3791 monasterii
529 3734 684 3812 virginum
702 3735 830 3802 bonore,
852 3732 961 3812 quibus
977 3739 1177 3789 eonsentaues
1191 3724 1252 3785 he-

144 3818 257 3879 bentnr
271 3821 304 3877 in
317 3820 435 3897 Regulo
448 3818 483 3879 S·
494 3819 651 3879 Aureliani
663 3817 749 3882 o14.
782 3818 892 3899 quibua
905 3820 938 3877 in
951 3817 1025 3876 louis
1038 3813 1253 3873 animatorum

145 3902 231 3963 idem
248 3914 295 3964 est
310 3903 393 3985 quod
408 3906 600 3963 secretarium
615 3913 646 3963 et
658 3903 860 3964 ducenum.

231 3992 284 4053 89.
325 3994 392 4049 Iam
411 4009 483 4050 vero
503 4010 573 4049 oum
590 3990 625 4047 in
645 3990 840 4051 eoolesisrum
857 3986 1022 4047 secretariis
1038 4003 1074 4043 eo
1089 3979 1253 4044 diaeoniois

147 4084 372 4137 munerentur
387 4094 473 4135 seon
487 4095 561 4137 resa
573 4095 644 4150 seu,
664 4077 710 4134 nti
727 4086 836 4133 roosnt
852 4072 944 4152 volgo
961 4072 1137 4152 scriptores,
1157 4070 1254 4128 mini-

149 4162 256 4237 steria,
275 4160 349 4221 inde
370 4161 487 4221 fautum
503 4169 539 4220 nt
560 4157 644 4243 quod
656 4162 724 4221 aliis
738 4158 928 4219 dieoonioum
945 4168 975 4217 et
990 4158 1184 4217 secretarium
1197 4162 1253 4226 est,

149 4244 302 4306 interdum
324 4256 354 4306 et
372 4266 464 4328 saepe
481 4242 723 4326 omopotimor
742 4246 927 4326 appelletur,
950 4240 1033 4324 quod
1050 4242 1203 4301 exstitisse
1220 4244 1255 4295 ut

151 4332 317 4412 plurimum
333 4333 369 4393 in
386 4334 529 4395 interiore
547 4331 695 4395 fflswniei
703 4342 790 4416 perte
801 4328 934 4394 ostendit
944 4328 1049 4389 Passio
1062 4327 1119 4389 SS.
1131 4333 1256 4405 petrum
