3017 4900
558 388 805 462 emeseno:
851 472 858 487 ,
1175 418 1233 467 m

130 554 325 639 refutandam
341 558 388 617 nil
409 557 525 618 laoiuut
538 560 633 619 iambi
647 580 723 641 quos
737 581 779 621 ex
790 558 892 621 Pisida
906 560 1020 641 profert
1033 560 1230 643 Nicephorus.

131 682 218 721 error
229 670 333 721 autem
345 660 452 721 Severi
465 671 555 743 atque
570 666 706 723 omnimn
720 661 1072 747 Menophysitarum'fuit
1091 676 1124 723 ut
1136 684 1229 724 unam

130 782 176 823 ex
187 760 303 821 duabus
315 768 349 821 ln
362 762 480 824 Christo
492 774 632 823 naturam
644 776 713 843 post
723 768 886 840 unionem,
909 762 968 825 boc
982 776 1027 825 est
1041 769 1074 825 in
1088 768 1228 827 incarna-

129 867 231 941 tione,
254 863 442 941 adsererent,
465 867 550 925 errius
570 864 760 927 deliramenti
780 868 958 947 praestigias
972 886 1105 949 nequeas
1118 871 1228 929 melius

130 966 272 1047 detegere
295 978 384 1049 atque
401 971 594 1048 impugnare,
617 989 707 1050 quam
727 973 754 1029 si
774 988 843 1029 cum
860 967 962 1029 Pisida
975 968 1072 1031 dicas:
1093 970 1167 1031 laeua
1178 982 1226 1043 aa,

133 1070 254 1141 Severe,
275 1071 305 1127 si
323 1081 352 1128 te
370 1091 432 1129 non
451 1082 639 1151 repugnante
658 1071 758 1130 chero
774 1084 817 1131 eet
835 1074 1016 1143 divinitatis,
1042 1073 1139 1133 altera
1159 1095 1228 1133 vero

127 1171 330 1230 hammaim
360 1174 394 1231 r'rr
425 1172 541 1232 certeco
568 1184 699 1246 nmero,
730 1174 876 1254 quomodo
900 1174 1028 1233 alteram
1049 1186 1078 1233 ct
1099 1176 1228 1235 alteram

129 1295 226 1333 unum
246 1293 307 1331 esee
325 1274 422 1333 rimis?
463 1295 561 1333 nonne
581 1275 639 1335 hoc
661 1279 752 1335 etrum
768 1280 874 1356 pueris
891 1277 1050 1335 radendum
1071 1276 1229 1357 erit,'quc'

124 1377 221 1457 plene
241 1387 355 1435 nonant
373 1398 409 1437 ex
427 1399 491 1437 una
507 1389 535 1435 et
547 1399 611 1437 uno
623 1398 685 1439 non
699 1400 795 1438 unam
807 1380 861 1438 scd
872 1379 949 1438 duas
961 1379 1123 1439 coalescere
1135 1391 1227 1437 naus-

128 1480 206 1539 roe?
247 1490 338 1561 atque
358 1477 434 1539 haec
449 1482 493 1538 ita
507 1481 597 1559 piane
612 1480 785 1560 accipienda
799 1500 864 1539 esse
881 1482 979 1561 operis
995 1491 1153 1541 contextus
1172 1479 1227 1541 de·
1282 1482 1288 1491 ”

128 1592 294 1641 monstrat:
315 1584 357 1640 ita
378 1584 461 1640 enim
479 1590 570 1663 atque
590 1578 651 1642 hoc
670 1583 762 1662 plane
782 1602 873 1641 sensu
891 1580 1006 1641 laudati
1025 1580 1225 1663 aNicephoro

127 1685 224 1744 iambi
241 1684 275 1743 in
294 1684 442 1744 Severum
463 1686 686 1766 intorquentur,
709 1693 744 1743 ut
763 1683 865 1745 videre
890 1693 935 1743 est
954 1704 982 1747 r.
1006 1689 1067 1749 633
1091 1696 1121 1743 et
1139 1704 1223 1767 seqq.

128 1786 202 1847 iude
216 1796 319 1846 autem
331 1788 424 1847 etiam
438 1788 562 1865 colligas
577 1785 730 1847 evidenter
741 1806 846 1847 omnes
863 1796 932 1866 post
943 1784 1143 1865 Nicephorum
1157 1788 1224 1845 alu·

129 1892 249 1950 cinctos
262 1908 326 1949 esse
336 1893 511 1969 scriptores,
532 1891 632 1970 quiec
647 1887 723 1949 duce
737 1887 879 1949 dixerunt
893 1887 1027 1949 Pisidam
1039 1887 1121 1949 hisce
1135 1908 1225 1947 sena-

129 1995 185 2051 riis
198 1990 401 2071 Philoponum
414 1990 572 2050 lacessere.
610 1993 713 2073 itaque
728 1993 858 2051 Aliatius
870 1993 1001 2071 primunr
1013 1988 1072 2051 hoc
1087 1992 1239 2053 testimo-'

128 2097 181 2155 nio
205 2092 368 2173 Nicephori
388 2074 484 2152 fretus
501 2111 634 2153 asserere
651 2114 715 2153 non
739 2092 885 2153 dubitarit
906 2095 1068 2172 Georgium
1089 2106 1225 2155 nostmm

127 2196 231 2278 aliquo
249 2198 360 2277 scripto
381 2192 548 2254 Iohannem
567 2194 770 2276 Philoponum
785 2199 906 2277 eiusque
923 2208 1102 2256 sectatorum
1115 2194 1225 2257 haere-

126 2301 187 2359 sim
207 2316 415 2380 oppugnasse,
445 2297 560 2357 caveus
581 2309 683 2358 autem
703 2309 734 2359 et
755 2297 889 2359 Oudinus
910 2297 1046 2357 eiusdem
1061 2297 1226 2379 Nicephorii

127 2402 303 2462 auctoritate
327 2410 358 2459 et
377 2398 437 2459 fide
454 2402 532 2460 moti
545 2403 578 2460 in
594 2399 797 2480 Philopouum
813 2404 966 2482 scripsisse
977 2399 1111 2462 Pisidam
1121 2422 1177 2483 pro
1192 2422 1225 2460 re

125 2515 208 2565 certa
228 2503 415 2581 habuerunt,
437 2503 492 2564 sed
512 2523 581 2562 oum
604 2502 685 2585 quod
706 2501 764 2562 hoc
787 2515 864 2564 esset
882 2524 956 2584 opus
972 2507 1005 2562 in
1021 2501 1225 2585 Philoponurn

125 2610 272 2688 scripturn
284 2609 473 2686 ignorarent,
496 2609 597 2666 omnia
611 2625 769 2686 perperam
781 2609 940 2667 miscentes
955 2617 983 2664 et
996 2609 1029 2664 in
1041 2627 1136 2666 unum
1149 2627 1223 2664 con-

123 2709 304 2785 fundentes,
325 2730 387 2769 non
408 2708 492 2769 aliud
509 2727 602 2791 quam
621 2712 831 2769 Hexabmeron
852 2707 931 2768 illud
952 2729 1017 2769 esse
1037 2709 1222 2768 iudicarunt:

125 2835 198 2874 omn
217 2825 320 2872 autem
340 2815 374 2870 in
397 2833 433 2872 eo
452 2819 591 2893 poemate
612 2813 754 2871 Proolum
772 2813 922 2892 nomiuari
936 2810 1223 2888 animadvertissent,

124 2917 247 2976 nullam
268 2915 358 2972 aliam
378 2933 443 2974 esse
465 2916 612 2972 rationem
626 2922 817 2972 autmnarunt
831 2911 1011 2970 conciliandi
1022 2914 1140 2974 Pisidae
1154 2935 1223 2972 curn

124 3014 314 3096 Nicephoro,
336 3036 428 3098 quam
452 3017 479 3075 si
503 3013 637 3074 dicerent
654 3016 710 3074 suh
735 3025 813 3072 teoto
827 3013 926 3072 Procli
941 3019 1063 3073 nornine
1075 3014 1222 3094 Philopo-

123 3140 202 3180 num
212 3119 352 3197 intelligi.
394 3116 449 3178 sed
463 3118 616 3177 Fabricius
630 3137 686 3176 nec
702 3098 819 3176 oudino
834 3127 863 3175 et
878 3117 976 3176 Cerco
991 3115 1127 3176 concedit
1140 3113 1222 3174 idem

123 3244 282 3306 rmumque
306 3241 372 3282 esse
394 3241 469 3301 opus
486 3222 520 3279 in
539 3217 744 3300 Philoponurn
762 3240 831 3278 cum
849 3223 1055 3295 Hexaiirnero,
1075 3239 1132 3278 nec
1154 3237 1222 3278 curn

124 3329 239 3388 Allatio
259 3327 423 3400 consentit,
444 3324 498 3404 qui
516 3324 668 3404 singulare
688 3329 798 3403 poima
817 3320 959 3382 adversus
974 3319 1222 3382 enudethbilo-

124 3449 242 3510 porrum
254 3426 395 3502 admittit,
416 3423 471 3486 sed
480 3429 582 3506 potius
597 3428 751 3508 existimat
762 3424 897 3484 Pisidam
908 3426 1002 3484 tribus
1015 3426 1076 3484 iilis
1088 3435 1222 3484 tantum-

124 3530 221 3592 modo
243 3530 397 3591 versiculis
421 3527 625 3588 tritheiamum
646 3525 807 3608 Philoponi
834 3531 957 3610 eiusque
979 3524 1172 3608 computandi
1190 3527 1222 3584 in
1278 3547 1284 3559 ¹

124 3634 238 3694 divinis
260 3635 461 3692 temeritatem
481 3633 702 3711 perstrinxisse.
746 3629 802 3690 sed
826 3629 901 3690 haec
924 3633 1025 3690 omnia
1043 3650 1083 3688 ex
1099 3629 1221 3706 ingenio

122 3755 373 3819 unumquemque
393 3755 448 3794 suo
464 3738 564 3794 mitius
584 3745 663 3792 recte
690 3732 862 3794 adfirmasse
887 3737 950 3791 iam
972 3741 1085 3792 constat
1104 3750 1145 3787 ex
1161 3726 1221 3786 hoc

122 3849 265 3925 poemate
278 3843 311 3900 in
327 3840 483 3909 Severum,
503 3839 536 3895 iu
552 3857 612 3918 quo
626 3837 729 3898 Pisida
742 3839 888 3896 Severum
901 3839 1016 3914 ipsum,
1037 3852 1098 3890 non
1115 3828 1220 3890 Philo-

121 3965 240 4024 ponam
261 3946 435 4002 insectatur.
478 3951 578 3999 utrum
596 3950 697 4027 autem
710 3942 814 3998 Niceta
828 3937 1003 4012 choniates,
1025 3953 1117 4016 quem
1133 3935 1220 3992 Atla-

125 4050 189 4104 tius
207 4049 248 4105 ait
267 4045 323 4105 lib.
338 4047 379 4109 10
405 4043 551 4102 Plreceuri
560 4041 739 4101 orthodoxae
742 4041 824 4116 fidei
835 4040 979 4099 odoenus
992 4037 1220 4117 Menophyar'lcrs

124 4144 252 4207 eosdem
271 4159 332 4208 tres
353 4167 458 4209 versus
478 4145 618 4221 laudare,
640 4143 719 4202 dicat
737 4163 802 4202 esse
820 4144 888 4202 illos
904 4153 1004 4202 oontm
1017 4139 1219 4220 Philoponurn
1285 4125 1305 4226 ’ἱ

123 4252 271 4331 scriptos,
293 4253 385 4331 plane
400 4253 512 4310 nescio.
556 4267 729 4330 quanquam
745 4247 826 4304 enim
842 4247 972 4304 multum
984 4241 1115 4302 studiose
1130 4239 1219 4298 hrrius

122 4352 277 4414 Thesauri
295 4353 414 4415 codices
431 4355 463 4412 in
481 4355 625 4414 Romanis
639 4347 828 4409 bibliothecis
842 4348 1090 4430 conquisiverim,
1111 4340 1219 4400 nullibi
