3017 4900
411 347 469 424 AD
494 343 776 426 montuosum
798 345 954 418 NOTAE.
1072 388 1075 396 ·
1179 345 1232 420 08

110 513 347 598 inscripserint.
388 509 443 574 sed
462 511 542 576 illud
563 523 628 574 erat
648 529 780 574 errorem
797 531 898 576 errore
914 510 1065 595 corrigere
1075 509 1126 573 rel
1137 515 1232 575 veteri

112 607 233 683 potius
246 619 360 662 novum
373 599 546 661 adstruere:
567 619 639 660 nam
653 609 683 660 et
696 597 816 660 Pbome
830 599 852 662 8
869 598 1001 660 ediscere
1016 610 1120 660 contra
1132 597 1232 660 bisto-

114 691 196 748 riae
219 687 310 748 fidem
331 695 392 760 est,
419 704 513 768 quem
536 692 652 746 constat
674 688 694 749 8
713 683 828 743 solidos
851 703 963 761 annos,
993 687 1073 746 binis
1094 690 1230 768 exceptis

115 775 301 849 mensibus,
322 771 479 851 implesse,
499 772 546 828 nti
568 769 704 850 pluribus
724 779 831 850 postea
850 766 1130 834 demonstrabimus.
1173 769 1230 834 sed
1271 796 1276 807 ·

118 871 156 919 et
173 859 362 918 Constantini
375 857 522 915 Manassis
539 852 572 914 id
587 873 691 916 versus
707 853 831 932 indicat,

295 935 350 1020 lo’
366 935 450 1015 ὅλοις
463 935 558 1004 besse
571 933 647 1004 decre*
662 934 795 1022 βιώσας,
815 933 1015 1022 τυραννήσας.

118 1037 156 1088 et
172 1047 215 1086 ne
230 1029 273 1087 sic
286 1024 411 1109 quidem
420 1027 645 1108 insequentium
657 1042 806 1086 annorum
817 1027 892 1085 vitio
904 1025 1023 1086 sublate
1033 1035 1115 1088 sunt.
1156 1043 1230 1086 nam

115 1114 263 1174 Heraclii
284 1114 415 1192 primus,
435 1115 463 1172 si
484 1113 651 1172 itomanam
670 1109 870 1171 indictionem
890 1129 1032 1194 sequere,
1054 1110 1094 1170 ad
1108 1108 1149 1175 14
1161 1131 1230 1171 rna-

115 1200 188 1259 iori
201 1216 242 1257 ex
254 1208 339 1277 parte
355 1195 528 1256 referendus
543 1208 599 1258 est.
642 1195 794 1258 secundus
806 1200 882 1256 iteni
895 1199 1019 1261 11111111
1033 1194 1230 1277 copulandus,

115 1303 201 1346 oum
217 1301 257 1342 ex
269 1283 324 1341 illa
336 1303 455 1343 menses
468 1285 600 1362 integros
613 1285 651 1360 9,
673 1297 714 1343 ex
729 1279 789 1341 hac
801 1292 862 1342 tres
878 1275 937 1341 sibi
951 1280 1142 1342 solummodo
1155 1302 1233 1340 ren·

118 1367 223 1430 dicet.
266 1369 379 1449 alioqui
395 1377 425 1426 et
441 1366 561 1428 Phocue
586 1371 620 1444 1,
642 1370 695 1450 qui
715 1369 922 1450 sesquimense
938 1367 1003 1426 lere
1019 1369 1231 1426 Heraclianum

118 1450 279 1534 epocham
297 1455 448 1534 sequitur,
470 1471 547 1512 anno
570 1469 630 1533 quo
650 1455 748 1532 coepit
764 1457 828 1518 602
847 1451 1024 1514 tribuendus
1039 1454 1115 1530 fuit,
1137 1470 1231 1537 quern

11 1625 13 1636 ἰ
120 1539 226 1600 iidem
242 1539 288 1597 illi
304 1541 441 1598 Mauricii
457 1541 500 1602 20
516 1541 623 1597 merito
641 1549 863 1618 nuncuparent.

217 1625 277 1684 Par
287 1622 358 1684 huic
374 1635 404 1684 et
419 1624 517 1682 affinis
533 1640 615 1682 error
627 1625 659 1680 in
677 1625 835 1684 iustiniani
850 1635 946 1682 ennos
958 1618 1067 1682 iisdem
1083 1619 1232 1685 decausis

11 1777 14 1810 Ι
125 1711 268 1790 irrepsit,
289 1707 370 1792 quod
392 1711 478 1768 annis
501 1705 611 1768 illinisti
627 1709 690 1768 sive
708 1709 834 1768 Iulianis
849 1718 914 1766 tam
930 1706 1131 1768 Indictionum
1145 1711 1232 1767 initia

126 1813 226 1878 quem
238 1797 359 1875 imperii
372 1811 519 1853 annornm
532 1791 664 1874 epochae
678 1809 837 1873 perperam
848 1793 1014 1872 illigantur.
1057 1803 1171 1853 creatus
1187 1803 1233 1854 est

11 1863 14 1896 r
127 1883 315 1941 iustinienus
336 1881 499 1959 imperetur
517 1875 664 1938 kalendas
685 1880 798 1958 Aprilis
816 1876 982 1937 indictione
1000 1879 1036 1954 6,
1057 1897 1077 1938 e
1098 1896 1159 1960 quo
1182 1877 1232 1938 die

127 1977 252 2045 tempus
271 1967 391 2045 imperii
411 1973 600 2040 numeretur,
622 1973 657 2023 nt
674 1966 765 2024 estin
778 1961 984 2023 Alexandrino
996 1961 1153 2023 chronico:
1174 1963 1234 2022 od-

129 2050 314 2130 stipulentur
336 2060 366 2110 et
385 2045 591 2130 Theophanes
612 2065 649 2108 ao
667 2049 861 2109 biurcelliw
879 2051 913 2107 in
933 2046 1092 2108 Chronico.
1134 2067 1232 2110 annus

11 2123 14 2162 ¹
130 2146 199 2195 erat
211 2133 322 2194 Christi
335 2133 415 2212 52⁷,
437 2151 497 2277 qno
514 2131 641 2194 indictio
653 2133 673 2199 6
685 2134 872 2214 Septembris
883 2132 1086 2217 antecedentis
1097 2136 1169 2193 111111
1181 2138 1233 2194 in·

131 2218 241 2280 ohoete
258 2217 397 2279 decurrit.
461 2220 528 2279 ains
545 2221 731 2300 imperatoris
749 2238 778 2277 a.
793 2219 832 2295 6,
854 2229 888 2278 ut
905 2229 954 2279 est
967 2217 1050 2299 apud
1063 2218 1233 2299 Theopha-

12 2311 14 2316 ’
130 2323 206 2364 nem
226 2301 393 2366 Alexandr.
413 2301 525 2364 (lhron.
542 2315 573 2366 et
592 2305 683 2382 elios,
708 2301 876 2363 lndictione
890 2306 932 2368 10
953 2305 1062 2382 lugens
1077 2306 1165 2384 cpoli
1180 2315 1233 2364 tu·

131 2391 246 2452 multus
266 2389 304 2452 ab
323 2391 472 2451 Antemsfi
490 2391 649 2471 nepotibus
669 2393 836 2467 excitetur,
858 2405 951 2472 quem
968 2389 1062 2449 iidem
1077 2391 1124 2449 illi
1138 2391 1233 2451 l‘osis-

12 2472 14 2481 '
131 2479 209 2537 sime
222 2474 403 2536 describunt.
436 2494 533 2536 annus
545 2473 992 2536 hicinannelibusestchristi
1005 2476 1081 2549 5813
1103 2474 1136 2534 id
1150 2474 1234 2558 quod

131 2564 225 2621 etiam
244 2564 391 2621 Calvisius
411 2572 530 2621 secutus
554 2572 609 2621 eet.
651 2570 684 2619 et
706 2564 790 2619 enim
807 2575 878 2619 cunt
895 2558 1024 2619 indictio
1040 2566 1079 2627 10
1094 2580 1157 2620 non
1173 2562 1234 2621 nisi

11 2644 13 2675 ¹
130 2664 161 2707 e.
179 2642 242 2712 681
263 2646 435 2727 Septembri
455 2662 559 2706 mense
580 2647 683 2705 inierit
702 2643 870 2727 eademque
887 2664 915 2704 a.
931 2646 994 2710 682
1005 2657 1168 2726 propagata
1182 2650 1233 2723 sit,

129 2750 255 2791 necesse
268 2742 314 2792 est
328 2730 507 2791 seditionem
523 2732 610 2790 illem
626 2728 686 2790 hoc
701 2733 864 2811 posteriore
876 2745 972 2805 anuo,
992 2734 1020 2791 si
1037 2732 1162 2811 quidem
1178 2736 1233 2792 lu-

129 2818 229 2875 lianus
245 2819 415 2897 sequimur,
437 2818 608 2894 contigisse.
651 2814 733 2897 quod
750 2826 781 2875 et
796 2817 939 2875 fet-iarum
957 2814 1142 2877 characteres
1159 2840 1234 2876 con-

127 2902 253 2961 firment
271 2902 305 2959 in
324 2900 416 2959 Alex.
437 2898 583 2958 Chronico
610 2900 663 2957 ubi
686 2904 749 2964 778
769 2898 829 2960 boc
845 2919 924 2960 anno
939 2903 1071 2960 lenuerii
1084 2904 1124 2965 16
1137 2904 1234 2962 Para-

128 3006 223 3047 sceue
236 2986 329 3045 fuisse
341 2984 496 3060 scribitur,
518 2994 549 3043 et
561 2986 700 3065 sequenti
713 2983 762 3043 die
775 2985 949 3060 sabbatum,
970 2985 1041 3045 inde
1059 2988 1098 3051 18
1111 2986 1161 3047 die
1176 2990 1235 3047 do-

129 3072 286 3131 minicam.
329 3067 387 3129 boc
408 3088 480 3132 rero
504 3084 566 3128 non
587 3070 675 3128 alteri
691 3068 820 3151 quadrat
838 3085 932 3153 quam
950 3068 1014 3135 582
1031 3090 1127 3150 anno,
1147 3076 1234 3156 cyclo

131 3158 206 3219 solis
222 3160 242 3221 9
261 3155 426 3231 bissextili,
448 3154 536 3215 litera
549 3152 631 3215 dom.
646 3156 684 3215 D.
880 3184 884 3190 ·

217 3242 265 3302 Ab
288 3239 347 3300 hoc
366 3241 450 3299 fonte
471 3242 504 3299 in
524 3240 601 3301 alios
622 3238 759 3299 eiusdem
779 3239 967 3320 imperatoris
989 3256 1084 3299 annos
1099 3238 1233 3312 derivata

11 3336 12 3369 ἐ
133 3328 301 3389 enutritis.
343 3324 398 3385 sed
414 3328 531 3405 insigne
544 3324 742 3405 hocestprae
756 3326 872 3385 ceteris.
915 3327 1232 3414 annolustiniani19,

133 3410 242 3472 indict.
259 3416 279 3477 9
305 3408 404 3471 edhuo
426 3412 564 3489 labente,
586 3408 696 3471 occidit
708 3408 860 3491 paschatis
876 3402 1063 3489 διαστροφή,
1084 3421 1118 3470 ut
1130 3415 1234 3473 scribit

11 3508 12 3537 l
134 3496 287 3573 cedrenus
302 3514 337 3557 ac
348 3494 564 3577 Theophanes.
606 3494 711 3571 huius,
733 3499 789 3579 qul
800 3494 937 3554 nondum
948 3493 1047 3555 editus
1059 3508 1119 3573 est,
1140 3500 1233 3557 verba

11 3606 12 3611 ¹
135 3583 309 3642 sublicium:
332 3582 385 3646 sol
401 3581 515 3665 ἐγένετο
531 3578 651 3663 σεισμός
663 3580 754 3665 μέγας
766 3582 800 3646 ἐν
811 3582 976 3667 Βυζαντίῳ,
1000 3581 1053 3643 sol
1064 3582 1234 3665 διαστροφή

134 3666 204 3750 περὶ
221 3672 279 3731 τοῦ
300 3664 388 3750 ciyloo
404 3664 513 3751 πάσχα.
555 3666 608 3731 sul
625 3667 772 3748 ἐποίησαν
784 3664 817 3731 ol
829 3668 922 3747 δῆμοι
932 3661 991 3749 cels
1001 3661 1232 3749 &consectam

134 3752 208 3835 μηνὶ
231 3754 440 3837 Φεβρουαρίου
461 3760 519 3858 A,
542 3752 561 3819 d
572 3750 605 3816 dl
619 3750 953 3858 ductitiqwoslrcsseu
964 3750 1067 3833 lrlocu
1078 3750 1234 3834 ἑβδομάδα

133 3837 388 3998 '‘iiiii’“fi
406 3836 827 4001 ,tittfftlttl'tt
833 3833 1233 4006 “disistit

132 3946 413 4087 iitwffuttcibi,
434 4008 486 4074 sul
499 3948 614 4094 coctile
627 4006 647 4072 d
660 3970 733 4085 tolie
744 3942 1071 4091 monuissemus
1081 3946 1232 4091 robertis.

133 4098 272 4174 egregius
294 4114 366 4154 sene
386 4098 487 4173 locus,
512 4106 542 4155 et
556 4114 646 4177 quem
664 4095 702 4154 ab
720 4094 860 4155 omnibus
874 4094 1006 4173 intelligi
1021 4094 1111 4153 etiam
1124 4097 1232 4154 Graeci

132 4182 279 4240 sermonis
291 4182 404 4261 ignaris
417 4184 550 4241 interest.
579 4198 672 4263 quere
685 4182 750 4241 eius
759 4184 1034 4261 interpretationem
1045 4200 1086 4239 ex
1095 4180 1232 4239 Miscellu

132 4264 329 4325 subscribam.
370 4278 400 4325 et
410 4268 521 4347 saeuas
540 4276 584 4325 est
604 4276 796 4326 termemotus
815 4286 946 4346 treuguas
969 4266 1057 4351 cpoli
1075 4276 1105 4323 et
1121 4268 1232 4323 eversio

132 4351 181 4409 die
201 4362 305 4412 ronow
321 4351 468 4431 paschae,
490 4364 518 4411 et
539 4354 635 4433 coepit
650 4351 764 4433 scdgue
778 4350 929 4415 abstritus
942 4373 964 4411 a
977 4348 1121 4418 mutue
1131 4364 1231 4410 merrae
