3017 4900
288 341 341 417 92
759 339 931 414 Petsvn

290 505 473 572 indictiones
493 504 642 586 instituit,
663 525 720 570 nos
739 519 842 572 eutem
862 509 896 569 tn
917 525 997 570 enno
1017 501 1213 568 antecedente
1224 501 1411 566 indictione

290 597 411 658 labente
426 594 530 672 tertie,
552 597 580 656 si
593 592 797 662 ludictinnuu
808 592 955 679 epocham
968 590 1128 676 defigimus
1139 593 1173 654 iu
1185 588 1337 654 kalendis
1351 596 1412 652 In-

290 683 404 744 unariis
419 692 471 742 aut
484 683 517 742 in
530 683 632 746 martii
648 678 698 745 die
710 683 854 744 vicerim·
866 681 982 764 quinte.

375 769 515 850 Denique
530 787 628 830 annus
639 767 693 830 'rue
708 769 763 851 qni
776 788 796 830 e
812 763 990 829 Cassicdcrc
1001 764 1125 846 ponitur
1136 762 1176 824 ab
1187 764 1412 824 inermium

291 854 552 936 quingentesimus
570 854 777 932 sexagesimus
794 851 960 927 anundus,
982 850 1040 913 sub
1055 851 1213 909 consulatu
1226 851 1346 909 Basilii
1354 852 1413 908 vi-

292 941 355 998 cies
366 939 479 1015 semel,
499 936 665 1000 indictione
683 936 801 1000 decim
815 948 936 1000 notetur
948 947 1013 1001 tam
1027 935 1067 996 ab
1080 932 1130 994 his
1143 936 1197 1014 qui
1209 932 1412 994 Indictioues

292 1045 312 1082 e
331 1025 456 1101 Martio,
478 1039 571 1106 quem
588 1024 626 1084 ab
651 1024 730 1085 aliis·
742 1025 796 1106 qui
816 1025 855 1085 ab
874 1022 1050 1083 Decembris
1071 1017 1176 1084 diem
1189 1017 1413 1079 autkaiendia

292 1111 424 1172 Ianuarii
438 1107 632 1190 sequentibus
645 1107 812 1176 crdiuutm.
853 1127 960 1170 vemm
970 1109 1086 1190 priores
1097 1123 1117 1164 a
1128 1101 1272 1166 kalendis
1284 1108 1413 1164 lanua-

292 1195 346 1254 riis
369 1191 409 1252 ud
430 1197 451 1260 8
473 1191 756 1276 intenderentur
775 1191 975 1256 indictionem
990 1189 1090 1260 editus
1102 1191 1225 1259 tertiam
1237 1191 1413 1270 putebant.

293 1277 509 1340 concurrebant
529 1288 632 1342 eutem
651 1281 740 1342 ambo
752 1282 787 1340 in
799 1277 928 1341 eandem
940 1275 1141 1344 indictionem
1153 1287 1313 1357 quartum,
1333 1278 1413 1355 ipso

293 1361 344 1424 die
363 1365 593 1441 incametionis,
614 1365 716 1429 Mariti
734 1364 794 1441 25,
815 1382 914 1448 aquo
934 1365 1048 1428 scilicet
1066 1359 1263 1433 Cassiodorus
1283 1380 1413 1420 annuns

292 1445 406 1512 muru
419 1460 559 1512 numeret
573 1451 849 1533 quingentesimum
862 1451 1086 1530 sexagesimum
1100 1444 1281 1514 wonndnm·

378 1537 447 1594 Nou
469 1536 564 1615 igitur
583 1533 693 1596 eodem
715 1555 795 1596 enno
817 1534 988 1617 iisdemque
1010 1533 1183 1597 consulibus
1205 1531 1299 1592 ambo
1322 1527 1413 1591 haec

293 1618 383 1681 initio
404 1622 602 1696 conveniunt,
628 1622 841 1682 iucarnationis
860 1623 975 1684 scilicet
994 1630 1026 1683 st
1045 1620 1155 1685 natalis
1173 1615 1304 1678 domini.
1349 1619 1414 1698 qui

295 1707 379 1764 enirn
399 1723 417 1764 e
435 1707 530 1765 natali
546 1705 710 1786 incipiunt,
731 1704 791 1766 hoe
802 1715 849 1766 est
861 1707 902 1772 25
915 1706 1106 1778 Decembris,
1127 1723 1232 1763 eorum
1248 1699 1412 1781 epocham

293 1809 358 1936 iii
364 1787 1079 1938 iiiiiiiiiiiiiiiieiiiiiiii'iii
1089 1791 1411 1955 mettii?

839 1918 849 1950 Ὶ
1399 1917 1411 1950 2

293 1962 364 2041 qui,
387 1959 469 2040 qnod
483 1962 533 2022 vel
546 1964 634 2042 pueri
645 1973 774 2037 norunt,
796 1961 978 2022 Indictiones
993 1980 1064 2022 sues
1079 1961 1153 2020 olim
1168 1979 1187 2018 e
1198 1957 1241 2024 25
1254 1960 1412 2038 Septem-

292 2045 373 2120 bris,
392 2055 497 2124 posten
523 2066 594 2107 vero
620 2044 801 2108 eketendtr
828 2048 930 2108 exorsi
950 2056 1029 2108 sunt.
1071 2043 1157 2126 quod
1172 2045 1346 2124 posterius,
1370 2053 1412 2104 ut

292 2131 371 2189 ahos
384 2131 538 2204 omittam,
560 2131 722 2211 Gregorius
740 2127 899 2238 Kepcpec'e
915 2131 1182 2192 Taurominitsnns
1194 2127 1412 2212 nrohiepiwc-

293 2233 352 2364 ptus
374 2211 489 2276 indicat
507 2212 636 2276 homilia
665 2217 709 2292 εἰς
729 2212 789 2298 scis
808 2213 909 2300 unsis
926 2221 983 2300 esic
999 2211 1142 2282 tautam
1161 2210 1233 2298 ἤτω
1250 2219 1310 2280 suri
1329 2215 1412 2281 sicu

328 2323 391 2374 ους.

380 2387 521 2449 Ceterum
534 2382 668 2470 quodie
681 2380 885 2449 Indictionum
901 2384 1017 2469 epocha
1032 2384 1116 2463 dixi,
1136 2384 1317 2464 meminisse
1332 2405 1409 2445 oum

294 2474 401 2553 primis
423 2482 541 2551 oportet
563 2492 615 2534 ecs
635 2474 689 2555 qni
709 2473 892 2533 Graecorum
906 2472 1047 2533 histories
1061 2474 1228 2551 attingunt,
1250 2469 1330 2529 dum
1342 2474 1410 2531 iru-

294 2568 467 2637 perntomm
480 2576 575 2617 anuos
589 2560 680 2619 simul
692 2567 722 2617 et
735 2578 807 2621 uum
820 2556 1036 2620 indictionibus
1049 2567 1163 2617 etcum
1173 2557 1262 2617 anuis
1272 2558 1410 2617 Iulianis

295 2652 482 2722 compereor.
522 2646 662 2725 namqui
676 2661 695 2703 a
708 2640 850 2704 kalendis
861 2646 992 2705 [murrii
1005 2662 1121 2703 anuum
1134 2645 1250 2717 ineunt,
1270 2638 1303 2701 id
1317 2641 1410 2723 quod

294 2724 434 2785 hodierni
458 2728 616 2807 scriptores
639 2728 770 2804 faciunt,
793 2748 909 2789 annum
926 2730 1094 2810 quemlibet
1108 2749 1144 2788 es
1158 2725 1330 2787 Indictione
1344 2747 1409 2787 no-

294 2820 359 2871 tare
378 2808 489 2869 debent
508 2831 586 2891 quae
609 2833 650 2873 ex
670 2812 828 2892 cpolitnna
844 2812 989 2874 methodo
1012 2833 1030 2873 a
1051 2811 1192 2874 kalendis
1212 2813 1412 2892 Septembris

295 2900 369 2957 anui
388 2898 543 2957 anterioris
557 2896 680 2959 initium
692 2896 815 2975 hebuit,
835 2898 868 2958 in
883 2918 976 2981 quam
988 2900 1098 2959 iuliani
1113 2900 1187 2957 unni
1198 2894 1409 2978 primordium

295 2979 423 3057 incidit,
443 3002 505 3043 non
521 2980 559 3041 sb
574 3002 610 3043 ea
626 3002 705 3065 quae
720 2981 829 3045 eodem
843 3003 923 3047 suun
936 2986 1059 3047 nonnisi
1075 2984 1097 3047 8
1112 2982 1297 3045 vertentibus
1310 3004 1408 3043 meu-

299 3068 383 3129 eibus
406 3065 575 3131 inchoatur.
617 3078 685 3129 tum
705 3088 778 3131 vero
800 3071 828 3132 si
848 3072 904 3151 qui
923 3071 1119 3150 imperatores
1141 3078 1275 3129 exeunte
1297 3070 1408 3151 aliquo

205 3152 229 3207 P
246 3151 283 3209 5³
299 3173 380 3213 anuo
400 3154 517 3215 iuliano
541 3156 703 3235 imperium
723 3158 871 3235 auspicati
890 3165 977 3231 suut,
997 3174 1060 3217 nun
1079 3156 1173 3217 abiis
1194 3158 1407 3234 cognominari

295 3237 379 3299 huno
399 3258 528 3316 ennam,
549 3240 605 3301 sed
625 3240 663 3303 ab
684 3238 930 3303 antecedentibus
950 3261 1007 3325 per
1028 3250 1091 3319 est,
1111 3242 1167 3324 qui
1187 3244 1304 3302 meiere
1328 3242 1408 3299 anni

246 3320 249 3333 ’
295 3334 381 3404 perte
395 3323 494 3385 adhuc
508 3327 637 3406 irnperio
652 3326 855 3409 praefuerunt.

382 3412 465 3469 Haec
490 3410 645 3473 levissima
671 3406 796 3492 quidem
823 3422 915 3488 suut,
958 3408 1013 3471 sed
1040 3428 1060 3469 a
1087 3408 1269 3494 quibusdam
1299 3410 1409 3471 minus

296 3492 524 3568 animadversa3
554 3516 593 3555 ex
615 3516 675 3577 quo
695 3498 843 3573 Heraclii,
865 3508 899 3556 ut
918 3497 1006 3561 initio
1026 3498 1179 3577 praefatus
1195 3515 1281 3570 sum,
1302 3514 1408 3553 anuo-

296 3598 365 3639 rum
385 3576 458 3640 crdo
477 3580 675 3643 labefactatus
695 3591 758 3657 est,
780 3581 931 3664 siquidem
955 3584 1072 3662 primus
1092 3582 1176 3641 itlius
1195 3600 1292 3641 eunus
1314 3580 1406 3640 Indi·

296 3668 395 3727 ctione
419 3666 575 3747 sspoiitens
597 3668 696 3748 eoepit
719 3666 776 3744 14,
807 3687 836 3729 s.
856 3670 890 3727 0.
911 3668 991 3743 610,
1018 3669 1139 3731 Octobri
1160 3686 1285 3741 mense,
1307 3676 1342 3725 ut
1361 3686 1407 3725 ex

296 3750 487 3832 Theophane
511 3750 647 3815 Gedreuo
671 3754 798 3835 aliisque
820 3763 956 3814 constare
976 3754 1085 3832 potuit.
1128 3772 1221 3833 quare
1246 3771 1326 3810 auno
1348 3770 1406 3809 se-

296 3848 419 3915 quente,
442 3836 549 3899 eedem
563 3837 730 3918 tudicucne
745 3840 866 3901 iubente
882 3848 934 3898 ant
945 3840 1068 3900 ineunte
1081 3840 1227 3914 Romana,
1246 3840 1407 3895 numerari

296 3924 412 4001 primus
429 3925 560 3983 Heraclii
575 3922 694 3999 debuit,
716 3944 787 3983 eum
801 3922 1028 3985 antecedentem
1042 3926 1150 3983 maiori
1163 3944 1204 3983 ex
1216 3932 1301 4003 purte
1315 3919 1405 3980 Pho·

295 4026 350 4067 coe
371 4008 392 4069 8
412 4021 596 4089 occupasset.
639 4020 672 4071 st
692 4010 739 4071 iili
761 4011 892 4073 Heraclii
913 4006 1080 4072 secundum
1095 4008 1206 4069 Christi
1220 4012 1281 4073 611
1296 4008 1405 4085 signa-

295 4102 376 4153 runt.
419 4094 461 4152 ita
473 4096 589 4174 primus
605 4093 740 4157 eiusdem
753 4096 941 4176 imperatoris
955 4113 1052 4157 annus
1067 4096 1211 4155 trimestri
1228 4093 1326 4171 spatio
1339 4092 1406 4150 eir-

297 4178 496 4260 enmecriptus
516 4190 572 4239 est.
615 4200 709 4263 quam
733 4182 835 4243 labem
859 4201 929 4242 curn
948 4179 1087 4241 homines
1109 4178 1221 4239 eruditi
1238 4178 1328 4237 facile
1344 4174 1405 4234 de-

297 4262 544 4345 prehendissent,
566 4267 608 4325 ite
627 4264 789 4327 emendare
807 4278 878 4330 sunt
896 4268 1029 4347 eggressi
1042 4276 1078 4326 ut
1091 4268 1179 4327 annis
1190 4261 1309 4325 Phccae
1320 4279 1403 4321 nou-

297 4352 357 4412 nisi
367 4356 388 4419 7
400 4352 550 4413 attributis
563 4370 618 4434 pro
632 4360 737 4415 cuturn
745 4396 755 4431 ,
778 4354 876 4437 quiin
889 4351 1000 4414 Ghristi
1015 4354 1078 4419 610
1092 4350 1216 4429 inuidit,
1237 4348 1399 4411 Heraclii1
