3017 4900
298 377 335 428 vs
424 355 579 428 caaou
601 357 662 428 llll
684 355 850 426 FRESNE
871 353 1031 426 DOlillll
1053 356 1115 427 llll
1139 358 1276 428 GANGE

297 535 330 586 et
343 523 406 586 suis
417 521 458 585 ad
468 522 632 586 Historiam
646 526 816 606 Augustam
831 523 911 587 notis
928 523 1145 606 publicaverat.
1187 534 1219 585 et
1235 545 1308 586 sane
1327 526 1400 586 licet

297 655 411 729 quanta
432 645 523 707 fuerit
543 645 632 705 Pauli
649 645 815 706 Silentiarii
828 645 862 704 in
874 665 910 706 eo
925 643 1075 705 scribendi
1094 664 1203 726 genere
1216 646 1343 706 facultas
1357 667 1401 707 ex

295 766 381 843 aliis,
403 785 481 848 quaa
502 766 566 824 iam
584 765 686 824 lucem
703 761 920 846 adspexerant,
939 764 1093 846 opusculis
1106 764 1174 845 plus
1188 766 1262 826 satis
1273 777 1399 844 constet,

298 893 365 946 tum
388 883 467 944 illud
487 885 666 967 praesertim
686 881 769 968 quod
789 883 894 964 Regiis
918 902 1001 946 nuno
1023 883 1105 966 ty'pia
1123 873 1271 946 ex'cnsum
1287 883 1399 967 prodit,

297 1005 491 1086 praecipuam
513 1006 623 1068 mercati
642 1002 766 1092 laudem
785 1001 906 1073 videtur
924 1021 961 1064 ao
980 1003 1290 1083 commendationem,
1316 1005 1401 1088 quod

298 1133 419 1205 praeter
435 1125 602 1186 carminum
617 1125 801 1206 elegantiam
817 1133 986 1187 accuratam
997 1127 1211 1206 Augustissinn’
1223 1127 1331 1208 templi
1344 1125 1401 1186 de·

298 1244 492 1324 scriptionem
513 1245 629 1329 vixque
651 1244 863 1307 oculation'bus
881 1241 1028 1307 hactenus
1046 1213 1231 1305 intellectam
1245 1247 1334 1308 nobis
1350 1268 1403 1306 re-

298 1373 482 1444 praesentet.
494 1359 529 1448 *)
571 1385 645 1426 nam
658 1365 866 1427 commentarii
878 1384 955 1447 quos
970 1366 1038 1426 aeri
1048 1365 1198 1427 inferioris
1210 1367 1349 1426 Graeculi
1362 1365 1402 1426 de
1501 1352 1502 1357 ἵ

299 1479 360 1542 hac
373 1481 448 1543 aede
461 1484 617 1566 scripsere,
639 1485 790 1548 sublestae
804 1483 880 1546 adeo
894 1495 965 1546 sunt
978 1483 1060 1563 lidei,
1078 1485 1224 1568 nulloque
1235 1506 1298 1547 non
1308 1483 1401 1548 modo

202 1607 204 1610 ’
298 1599 409 1684 digesti
421 1601 536 1681 ordina,
557 1577 720 1664 sedetiam
733 1595 889 1668 vocabulis
905 1578 1039 1667 barbaris
1055 1598 1199 1688 adspersi,
1214 1615 1249 1666 ut
1260 1603 1402 1666 diuinan-

298 1719 357 1782 dae
371 1724 415 1781 rei
428 1723 530 1802 potius
541 1740 634 1802 quam
642 1720 855 1802 percipiendae
869 1724 971 1784 locum
984 1724 1157 1806 praebeant.
1199 1723 1279 1786 unde
1290 1727 1402 1786 miram

297 1837 396 1903 videri
419 1859 482 1901 non
505 1838 612 1918 debet,
634 1839 733 1922 siqui
751 1837 790 1900 da
812 1841 996 1901 Graecorum
1016 1847 1138 1922 templis
1160 1854 1251 1926 atque
1269 1842 1403 1906 adeode

297 1957 454 2040 Sophiano
478 1933 643 2042 eorumque
664 1959 800 2040 partibus
823 1957 987 2040 scripsere,
1014 1969 1133 2019 tantmn
1156 1961 1239 2020 inter
1255 1981 1292 2022 ss
1311 1961 1403 2024 dissi-

298 2077 391 2138 deant
405 2079 456 2140 vel
472 2088 552 2138 certa
570 2079 693 2140 omnino
711 2097 775 2139 non
791 2077 987 2158 conveniunt,
1008 2098 1079 2139 cnm
1094 2099 1156 2138 non
1172 2099 1221 2139 res
1235 2080 1335 2141 solum
1348 2081 1405 2142 sed

297 2220 338 2260 ne
352 2199 409 2259 rix
421 2198 513 2259 verba
527 2170 652 2280 quidem
664 2193 731 2278 ipsa
746 2173 925 2278 percipiant.
967 2195 1023 2260 sed
1037 2219 1106 2258 ecce
1118 2198 1211 2260 tantis
1224 2175 1405 2262 intenebris

298 2319 400 2380 facem
416 2319 543 2400 porrigit
565 2318 680 2379 Paulus
700 2309 915 2394 silentiarius,
932 2315 1051 2378 utinam
1072 2328 1118 2380 tot
1135 2318 1251 2378 lacunis
1267 2337 1330 2378 non
1347 2317 1410 2378 de-

299 2450 453 2520 turpatus;
476 2439 561 2500 cuim
576 2448 661 2500 tanto
674 2439 773 2498 maior
787 2434 1046 2521 praestantiorque
1058 2435 1156 2499 videri
1170 2435 1260 2500 debet
1272 2438 1404 2500 auctori·

299 2570 362 2637 tas,
385 2578 445 2642 quo
470 2558 645 2619 accuratiori
669 2556 787 2619 calamo
809 2559 983 2618 universam
998 2521 1185 2618 celeberrimi
1198 2559 1336 2640 templis
1349 2561 1404 2619 Iu-

300 2679 431 2739 atiuiano
445 2699 500 2740 sua
511 2688 689 2760 tempestate
703 2665 828 2739 excitati
840 2686 1019 2738 structuram
1030 2675 1180 2739 describit.
1210 2677 1311 2739 floruit
1321 2680 1404 2737 anim

302 2821 339 2859 eo
362 2801 529 2881 imperante
549 2817 613 2859 non
632 2800 752 2881 poitica
772 2793 920 2860 duntaxat
938 2810 969 2859 et
988 2787 1117 2858 oratoria
1130 2794 1222 2857 laude
1237 2806 1335 2858 aetate
1348 2816 1404 2858 sua

300 2920 393 3000 longe
410 2920 609 2999 clarissimus,
631 2917 687 2981 sed
701 2928 732 2979 at
749 2905 1070 2999 natalium'splendora
1085 2918 1251 3001 opibusque
1263 2928 1294 2979 et
1304 2916 1404 2981 hono-

300 3038 385 3101 ribus
409 3041 605 3120 ¹conspicuus.
646 3038 744 3101 Passio
768 3048 927 3121 parentem
950 3038 1046 3099 finisse
1071 3038 1185 3121 Cyrum
1205 3034 1293 3099 docet
1310 3035 1403 3098 huius

301 3162 443 3222 carminis
462 3160 584 3238 titulus,
614 3161 668 3245 qui
689 3156 816 3242 quidem
838 3178 901 3219 non
919 3158 998 3219 alius
1014 3155 1092 3217 milri
1111 3157 1230 3218 videtur
1247 3156 1285 3215 ab
1300 3156 1405 3239 ecqui

302 3274 365 3345 cinci
379 3274 507 3344 ainricus
522 3300 578 3340 seu
594 3278 701 3341 consul
714 3276 895 3340 codicillaris
909 3280 1043 3356 exstitit,
1064 3278 1150 3337 caius
1166 3276 1238 3337 bina
1254 3272 1405 3335 habentur

301 3401 518 3480 epigrammata
536 3400 570 3457 in
589 3396 776 3480 Anthologia
791 3398 844 3457 Gr.
858 3393 915 3463 l.4
929 3418 956 3458 c.
967 3402 1010 3464 23
1024 3406 1055 3457 et
1066 3395 1125 3475 27,
1145 3396 1274 3457 alteram
1292 3396 1326 3455 in
1346 3393 1405 3456 do-

300 3540 388 3579 mum
399 3539 417 3577 a
430 3520 600 3579 Maximino
614 3518 702 3599 cpoli
713 3527 913 3596 annosam,
934 3518 1063 3579 alterum
1075 3516 1110 3575 in
1121 3526 1252 3577 statuam
1261 3498 1404 3591 Pindari}

300 3636 378 3699 adeo
392 3649 425 3697 ut
439 3636 570 3696 Paulum
585 3656 603 3695 a
617 3648 742 3718 parente
756 3657 844 3697 suam
855 3639 889 3697 in
903 3633 1065 3721 ποιητικήν
1078 3638 1310 3719 propensionem
1323 3630 1404 3693 han-

300 3760 375 3819 sisse
394 3776 450 3837 par
469 3756 509 3815 sit
529 3752 661 3817 credere.
702 3759 843 3819 meminit
858 3762 950 3819 etiam
965 3760 1130 3839 Procopius
1146 3758 1169 3816 1.
1184 3760 1206 3821 2
1221 3750 1405 3816 Vandalica-

301 3898 371 3938 rum
395 3877 465 3958 Cyri
490 3872 664 3954 cuiusdam,
686 3880 741 3959 qui
761 3878 841 3939 forte
858 3876 942 3938 idem
965 3879 1057 3938 luerit
1081 3896 1151 3937 cum
1170 3873 1329 3935 consulari·
1371 3880 1404 3931 at

301 3995 385 4079 quod
403 3992 548 4076 Agathino
570 3992 609 4056 da
627 3984 723 4058 Paulo
746 4000 879 4061 scribens
903 3998 980 4059 haec
1004 3996 1122 4075 subdit,
1152 3988 1345 4076 οἷοολογέοθω
1365 3986 1404 4055 sd

305 4109 421 4199 Παύλῳ
438 4110 546 4197 Κύρου
560 4120 616 4180 τοῦ
630 4109 759 4203 utapro
778 4116 813 4187 lv
834 4118 1004 4207 ἑξαμέτροις
1024 4112 1236 4201 πεπονημένα,
1254 4112 1299 4175 θῖο
1317 4109 1405 4191 ‘¹58⁶‘

372 4370 406 4439 *)
441 4371 478 4425 cf.
496 4370 625 4442 Agathias
641 4386 671 4445 ps
687 4372 740 4429 296
755 4373 810 4430 ha
826 4374 870 4434 ad.
885 4376 974 4432 Bona.
