<?xml version="1.0" encoding="UTF-8"?>
<!DOCTYPE html PUBLIC "-//W3C//DTD XHTML 1.0 Transitional//EN"
    "http://www.w3.org/TR/xhtml1/DTD/xhtml1-transitional.dtd">
<html xmlns="http://www.w3.org/1999/xhtml" xml:lang="en" lang="en">
 <head>
  <title>
</title>
<meta http-equiv="Content-Type" content="text/html;charset=utf-8" />
  <meta name='ocr-system' content='tesseract 3.04.00' />
  <meta name='ocr-capabilities' content='ocr_page ocr_carea ocr_par ocr_line ocrx_word'/>
</head>
<body>
  <div class='ocr_page' id='page_1' title='image "./corpusscriptoru02unkngoog/corpusscriptoru02unkngoog_0405.png"; bbox 0 0 3017 4900; ppageno 0'>
   <div class='ocr_carea' id='block_1_1' title="bbox 274 306 1116 392">
    <p class='ocr_par' dir='ltr' id='par_1_1' title="bbox 274 306 1116 392">
     <span class='ocr_line' id='line_1_1' title="bbox 274 306 1116 392; baseline -0.007 -9"><span class='ocrx_word' id='word_1_1' title='bbox 274 308 348 383; x_wconf 79' lang='lat'>146</span> <span class='ocrx_word' id='word_1_2' title='bbox 530 306 743 392; x_wconf 84' lang='lat' dir='ltr'>QUERGIUS</span> <span class='ocrx_word' id='word_1_3' title='bbox 768 310 814 377; x_wconf 83' lang='lat' dir='ltr'>IN</span> <span class='ocrx_word' id='word_1_4' title='bbox 838 306 1116 378; x_wconf 75' lang='lat' dir='ltr'>nnatctnols</span> 
     </span>
    </p>
   </div>
   <div class='ocr_carea' id='block_1_2' title="bbox 272 475 1392 558">
    <p class='ocr_par' dir='ltr' id='par_1_2' title="bbox 272 475 1392 558">
     <span class='ocr_line' id='line_1_2' title="bbox 272 475 1392 558; baseline -0.002 -21"><span class='ocrx_word' id='word_1_5' title='bbox 272 480 369 551; x_wconf 75' lang='lat' dir='ltr'>ticum</span> <span class='ocrx_word' id='word_1_6' title='bbox 392 475 525 557; x_wconf 84' lang='lat' dir='ltr'>expendi</span> <span class='ocrx_word' id='word_1_7' title='bbox 545 487 575 537; x_wconf 87' lang='lat' dir='ltr'>et</span> <span class='ocrx_word' id='word_1_8' title='bbox 596 478 683 537; x_wconf 83' lang='lat' dir='ltr'>iuxta</span> <span class='ocrx_word' id='word_1_9' title='bbox 698 480 798 538; x_wconf 83' lang='lat' dir='ltr'>varias</span> <span class='ocrx_word' id='word_1_10' title='bbox 809 480 1000 558; x_wconf 87' lang='lat' dir='ltr'>planetarum</span> <span class='ocrx_word' id='word_1_11' title='bbox 1015 478 1133 558; x_wconf 82' lang='lat' dir='ltr'>species</span> <span class='ocrx_word' id='word_1_12' title='bbox 1149 477 1392 536; x_wconf 79' lang='lat' dir='ltr'>conversiones-</span> 
     </span>
    </p>
   </div>
   <div class='ocr_carea' id='block_1_3' title="bbox 146 564 998 645">
    <p class='ocr_par' dir='ltr' id='par_1_3' title="bbox 146 564 998 645">
     <span class='ocr_line' id='line_1_3' title="bbox 146 564 998 645; baseline -0.001 -22"><span class='ocrx_word' id='word_1_13' title='bbox 146 608 151 615; x_wconf 77' lang='lat'>.</span> <span class='ocrx_word' id='word_1_14' title='bbox 273 584 332 645; x_wconf 90' lang='lat' dir='ltr'>que</span> <span class='ocrx_word' id='word_1_15' title='bbox 345 574 374 621; x_wconf 92' lang='lat' dir='ltr'>et</span> <span class='ocrx_word' id='word_1_16' title='bbox 388 573 550 643; x_wconf 85' lang='lat' dir='ltr'>potestates</span> <span class='ocrx_word' id='word_1_17' title='bbox 567 564 719 643; x_wconf 88' lang='lat' dir='ltr'>explorari</span> <span class='ocrx_word' id='word_1_18' title='bbox 737 576 824 623; x_wconf 88' lang='lat' dir='ltr'>antea</span> <span class='ocrx_word' id='word_1_19' title='bbox 839 576 998 645; x_wconf 83' lang='lat' dir='ltr'>oporteret.</span> 
     </span>
    </p>
   </div>
   <div class='ocr_carea' id='block_1_4' title="bbox 269 644 1391 4406">
    <p class='ocr_par' dir='ltr' id='par_1_4' title="bbox 273 644 1391 2163">
     <span class='ocr_line' id='line_1_4' title="bbox 358 644 1391 731; baseline -0.008 -18"><span class='ocrx_word' id='word_1_20' title='bbox 358 653 410 713; x_wconf 80' lang='lat'>61.</span> <span class='ocrx_word' id='word_1_21' title='bbox 454 648 528 730; x_wconf 86' lang='lat' dir='ltr'>quid</span> <span class='ocrx_word' id='word_1_22' title='bbox 542 651 603 709; x_wconf 88' lang='lat' dir='ltr'>sint</span> <span class='ocrx_word' id='word_1_23' title='bbox 616 648 786 731; x_wconf 78' lang='grc' dir='ltr'><strong><em>σκάμματα,</em></strong></span> <span class='ocrx_word' id='word_1_24' title='bbox 809 649 925 709; x_wconf 90' lang='lat' dir='ltr'>dictum</span> <span class='ocrx_word' id='word_1_25' title='bbox 938 668 1028 729; x_wconf 88' lang='lat' dir='ltr'>supra</span> <span class='ocrx_word' id='word_1_26' title='bbox 1044 668 1075 707; x_wconf 89' lang='lat' dir='ltr'>v.</span> <span class='ocrx_word' id='word_1_27' title='bbox 1091 648 1144 712; x_wconf 77' lang='lat'>51·</span> <span class='ocrx_word' id='word_1_28' title='bbox 1186 658 1219 707; x_wconf 86' lang='lat' dir='ltr'>at</span> <span class='ocrx_word' id='word_1_29' title='bbox 1233 644 1286 705; x_wconf 90' lang='lat' dir='ltr'>hic</span> <span class='ocrx_word' id='word_1_30' title='bbox 1301 648 1391 705; x_wconf 83' lang='lat' dir='ltr'>Pisi-</span> 
     </span>
     <span class='ocr_line' id='line_1_5' title="bbox 275 733 1391 815; baseline -0.002 -23"><span class='ocrx_word' id='word_1_31' title='bbox 275 733 346 793; x_wconf 87' lang='lat' dir='ltr'>dam</span> <span class='ocrx_word' id='word_1_32' title='bbox 366 744 439 815; x_wconf 90' lang='lat' dir='ltr'>puto</span> <span class='ocrx_word' id='word_1_33' title='bbox 461 755 567 794; x_wconf 87' lang='lat' dir='ltr'>vocare</span> <span class='ocrx_word' id='word_1_34' title='bbox 589 747 756 795; x_wconf 78' lang='lat' dir='ltr'>scammata</span> <span class='ocrx_word' id='word_1_35' title='bbox 777 756 818 795; x_wconf 88' lang='lat' dir='ltr'>ex</span> <span class='ocrx_word' id='word_1_36' title='bbox 839 746 985 795; x_wconf 79' lang='lat' dir='ltr'>astrorum</span> <span class='ocrx_word' id='word_1_37' title='bbox 1007 735 1214 794; x_wconf 83' lang='lat' dir='ltr'>observatione</span> <span class='ocrx_word' id='word_1_38' title='bbox 1234 734 1352 813; x_wconf 84' lang='lat' dir='ltr'>petitas</span> <span class='ocrx_word' id='word_1_39' title='bbox 1370 754 1391 791; x_wconf 81' lang='lat' dir='ltr'>a</span> 
     </span>
     <span class='ocr_line' id='line_1_6' title="bbox 274 810 1390 901; baseline -0.003 -23"><span class='ocrx_word' id='word_1_40' title='bbox 274 820 372 901; x_wconf 84' lang='lat' dir='ltr'>Magis</span> <span class='ocrx_word' id='word_1_41' title='bbox 388 818 587 895; x_wconf 56' lang='lat' dir='ltr'>deffinitione,</span> <span class='ocrx_word' id='word_1_42' title='bbox 609 822 717 901; x_wconf 89' lang='lat' dir='ltr'>quibus</span> <span class='ocrx_word' id='word_1_43' title='bbox 728 822 777 880; x_wconf 88' lang='lat' dir='ltr'>illi</span> <span class='ocrx_word' id='word_1_44' title='bbox 790 825 946 881; x_wconf 79' lang='lat' dir='ltr'>vanissimi</span> <span class='ocrx_word' id='word_1_45' title='bbox 960 810 1171 894; x_wconf 81' lang='lat' dir='ltr'>aenncatores,</span> <span class='ocrx_word' id='word_1_46' title='bbox 1184 818 1290 900; x_wconf 85' lang='lat' dir='ltr'>quales</span> <span class='ocrx_word' id='word_1_47' title='bbox 1303 837 1390 899; x_wconf 87' lang='lat' dir='ltr'>qua-</span> 
     </span>
     <span class='ocr_line' id='line_1_7' title="bbox 273 902 1389 989; baseline 0 -26"><span class='ocrx_word' id='word_1_48' title='bbox 273 906 335 964; x_wconf 88' lang='lat' dir='ltr'>live</span> <span class='ocrx_word' id='word_1_49' title='bbox 350 907 412 965; x_wconf 90' lang='lat' dir='ltr'>fato</span> <span class='ocrx_word' id='word_1_50' title='bbox 426 906 518 965; x_wconf 83' lang='lat' dir='ltr'>futuri</span> <span class='ocrx_word' id='word_1_51' title='bbox 536 916 635 965; x_wconf 87' lang='lat' dir='ltr'>essent</span> <span class='ocrx_word' id='word_1_52' title='bbox 650 906 806 983; x_wconf 88' lang='lat' dir='ltr'>homines,</span> <span class='ocrx_word' id='word_1_53' title='bbox 837 910 890 989; x_wconf 91' lang='lat' dir='ltr'>qui</span> <span class='ocrx_word' id='word_1_54' title='bbox 903 908 958 967; x_wconf 91' lang='lat' dir='ltr'>sub</span> <span class='ocrx_word' id='word_1_55' title='bbox 973 908 1176 985; x_wconf 89' lang='lat' dir='ltr'>cuiuscunque</span> <span class='ocrx_word' id='word_1_56' title='bbox 1194 902 1303 964; x_wconf 88' lang='lat' dir='ltr'>sideris</span> <span class='ocrx_word' id='word_1_57' title='bbox 1318 904 1389 963; x_wconf 87' lang='lat' dir='ltr'>for-</span> 
     </span>
     <span class='ocr_line' id='line_1_8' title="bbox 274 984 1388 1073; baseline -0.002 -24"><span class='ocrx_word' id='word_1_58' title='bbox 274 1010 326 1049; x_wconf 88' lang='lat' dir='ltr'>ma</span> <span class='ocrx_word' id='word_1_59' title='bbox 342 1000 371 1049; x_wconf 90' lang='lat' dir='ltr'>et</span> <span class='ocrx_word' id='word_1_60' title='bbox 384 993 533 1070; x_wconf 84' lang='lat' dir='ltr'>positione</span> <span class='ocrx_word' id='word_1_61' title='bbox 548 984 734 1067; x_wconf 74' lang='lat' dir='ltr'>nudassent,</span> <span class='ocrx_word' id='word_1_62' title='bbox 757 990 948 1052; x_wconf 87' lang='lat' dir='ltr'>devinabant.</span> <span class='ocrx_word' id='word_1_63' title='bbox 990 988 1076 1073; x_wconf 73' lang='lat' dir='ltr'>’dorm</span> <span class='ocrx_word' id='word_1_64' title='bbox 1091 1001 1192 1049; x_wconf 88' lang='lat' dir='ltr'>autem</span> <span class='ocrx_word' id='word_1_65' title='bbox 1205 988 1388 1049; x_wconf 80' lang='lat' dir='ltr'>huiusmodi</span> 
     </span>
     <span class='ocr_line' id='line_1_9' title="bbox 275 1076 1387 1159; baseline -0.002 -24"><span class='ocrx_word' id='word_1_66' title='bbox 275 1088 371 1156; x_wconf 84' lang='lat' dir='ltr'>nugas</span> <span class='ocrx_word' id='word_1_67' title='bbox 386 1086 416 1135; x_wconf 90' lang='lat' dir='ltr'>et</span> <span class='ocrx_word' id='word_1_68' title='bbox 429 1076 625 1136; x_wconf 89' lang='lat' dir='ltr'>deliramenta</span> <span class='ocrx_word' id='word_1_69' title='bbox 639 1080 788 1159; x_wconf 87' lang='lat' dir='ltr'>appellat,</span> <span class='ocrx_word' id='word_1_70' title='bbox 818 1090 884 1137; x_wconf 89' lang='lat' dir='ltr'>tum</span> <span class='ocrx_word' id='word_1_71' title='bbox 896 1089 930 1137; x_wconf 88' lang='lat' dir='ltr'>ut</span> <span class='ocrx_word' id='word_1_72' title='bbox 943 1098 994 1136; x_wconf 88' lang='lat' dir='ltr'>eas</span> <span class='ocrx_word' id='word_1_73' title='bbox 1012 1096 1107 1157; x_wconf 86' lang='lat' dir='ltr'>aeque</span> <span class='ocrx_word' id='word_1_74' title='bbox 1122 1078 1231 1157; x_wconf 86' lang='lat' dir='ltr'>impias</span> <span class='ocrx_word' id='word_1_75' title='bbox 1250 1086 1281 1133; x_wconf 95' lang='lat' dir='ltr'>et</span> <span class='ocrx_word' id='word_1_76' title='bbox 1293 1077 1387 1133; x_wconf 82' lang='lat' dir='ltr'>insa-</span> 
     </span>
     <span class='ocr_line' id='line_1_10' title="bbox 275 1158 1385 1243; baseline -0.002 -23"><span class='ocrx_word' id='word_1_77' title='bbox 275 1182 330 1221; x_wconf 85' lang='lat' dir='ltr'>nas</span> <span class='ocrx_word' id='word_1_78' title='bbox 351 1183 417 1221; x_wconf 87' lang='lat' dir='ltr'>esse</span> <span class='ocrx_word' id='word_1_79' title='bbox 442 1160 626 1221; x_wconf 76' lang='lat' dir='ltr'><strong>demonstret</strong></span> <span class='ocrx_word' id='word_1_80' title='bbox 648 1184 683 1223; x_wconf 92' lang='lat' dir='ltr'>ac</span> <span class='ocrx_word' id='word_1_81' title='bbox 697 1166 879 1223; x_wconf 85' lang='lat' dir='ltr'>Graecorum</span> <span class='ocrx_word' id='word_1_82' title='bbox 900 1167 998 1242; x_wconf 86' lang='lat' dir='ltr'>orgia,</span> <span class='ocrx_word' id='word_1_83' title='bbox 1027 1163 1137 1243; x_wconf 89' lang='lat' dir='ltr'>quibus</span> <span class='ocrx_word' id='word_1_84' title='bbox 1159 1162 1233 1221; x_wconf 87' lang='lat' dir='ltr'>olim</span> <span class='ocrx_word' id='word_1_85' title='bbox 1257 1158 1385 1219; x_wconf 88' lang='lat' dir='ltr'>Baccho</span> 
     </span>
     <span class='ocr_line' id='line_1_11' title="bbox 275 1246 1384 1328; baseline -0.002 -21"><span class='ocrx_word' id='word_1_86' title='bbox 275 1266 358 1307; x_wconf 89' lang='lat' dir='ltr'>sacra</span> <span class='ocrx_word' id='word_1_87' title='bbox 372 1246 500 1323; x_wconf 88' lang='lat' dir='ltr'>fiebant,</span> <span class='ocrx_word' id='word_1_88' title='bbox 529 1256 594 1305; x_wconf 84' lang='lat' dir='ltr'>turn</span> <span class='ocrx_word' id='word_1_89' title='bbox 608 1257 642 1306; x_wconf 92' lang='lat' dir='ltr'>ut</span> <span class='ocrx_word' id='word_1_90' title='bbox 656 1250 814 1328; x_wconf 79' lang='lat' dir='ltr'>Magorum</span> <span class='ocrx_word' id='word_1_91' title='bbox 826 1250 985 1308; x_wconf 75' lang='lat' dir='ltr'>stultitiam</span> <span class='ocrx_word' id='word_1_92' title='bbox 998 1258 1105 1322; x_wconf 87' lang='lat' dir='ltr'>vexet,</span> <span class='ocrx_word' id='word_1_93' title='bbox 1137 1248 1190 1328; x_wconf 91' lang='lat' dir='ltr'>qui</span> <span class='ocrx_word' id='word_1_94' title='bbox 1205 1258 1239 1305; x_wconf 90' lang='lat' dir='ltr'>ut</span> <span class='ocrx_word' id='word_1_95' title='bbox 1253 1248 1384 1325; x_wconf 85' lang='lat' dir='ltr'><strong>popello</strong></span> 
     </span>
     <span class='ocr_line' id='line_1_12' title="bbox 274 1332 1385 1413; baseline -0.002 -22"><span class='ocrx_word' id='word_1_96' title='bbox 274 1332 308 1391; x_wconf 90' lang='lat' dir='ltr'>id</span> <span class='ocrx_word' id='word_1_97' title='bbox 319 1336 550 1412; x_wconf 85' lang='lat' dir='ltr'>praestigiarum</span> <span class='ocrx_word' id='word_1_98' title='bbox 560 1334 680 1394; x_wconf 80' lang='lat' dir='ltr'>facilius</span> <span class='ocrx_word' id='word_1_99' title='bbox 694 1334 901 1409; x_wconf 77' lang='lat' dir='ltr'>venditarent,</span> <span class='ocrx_word' id='word_1_100' title='bbox 923 1338 957 1393; x_wconf 88' lang='lat' dir='ltr'>in</span> <span class='ocrx_word' id='word_1_101' title='bbox 971 1334 1085 1413; x_wconf 85' lang='lat' dir='ltr'>templa</span> <span class='ocrx_word' id='word_1_102' title='bbox 1100 1342 1130 1390; x_wconf 89' lang='lat' dir='ltr'>et</span> <span class='ocrx_word' id='word_1_103' title='bbox 1140 1352 1233 1411; x_wconf 88' lang='lat' dir='ltr'>pyrea</span> <span class='ocrx_word' id='word_1_104' title='bbox 1246 1334 1385 1407; x_wconf 86' lang='lat' dir='ltr'>coibant,</span> 
     </span>
     <span class='ocr_line' id='line_1_13' title="bbox 275 1416 1387 1501; baseline -0.002 -24"><span class='ocrx_word' id='word_1_105' title='bbox 275 1426 309 1477; x_wconf 89' lang='lat' dir='ltr'>ut</span> <span class='ocrx_word' id='word_1_106' title='bbox 323 1418 360 1477; x_wconf 86' lang='lat' dir='ltr'>dc</span> <span class='ocrx_word' id='word_1_107' title='bbox 376 1420 531 1492; x_wconf 78' lang='lat' dir='ltr'>rationaiis,</span> <span class='ocrx_word' id='word_1_108' title='bbox 550 1438 627 1500; x_wconf 89' lang='lat' dir='ltr'>quae</span> <span class='ocrx_word' id='word_1_109' title='bbox 642 1420 733 1499; x_wconf 89' lang='lat' dir='ltr'>orgiis</span> <span class='ocrx_word' id='word_1_110' title='bbox 749 1416 824 1501; x_wconf 92' lang='lat' dir='ltr'>quid</span> <span class='ocrx_word' id='word_1_111' title='bbox 836 1420 946 1495; x_wconf 86' lang='lat' dir='ltr'>simile,</span> <span class='ocrx_word' id='word_1_112' title='bbox 971 1422 996 1479; x_wconf 92' lang='lat' dir='ltr'>si</span> <span class='ocrx_word' id='word_1_113' title='bbox 1012 1438 1112 1477; x_wconf 90' lang='lat' dir='ltr'>rerum</span> <span class='ocrx_word' id='word_1_114' title='bbox 1127 1420 1292 1478; x_wconf 85' lang='lat' dir='ltr'>vanitatem</span> <span class='ocrx_word' id='word_1_115' title='bbox 1304 1438 1387 1497; x_wconf 85' lang='lat' dir='ltr'>spe-</span> 
     </span>
     <span class='ocr_line' id='line_1_14' title="bbox 275 1502 1385 1587; baseline -0.002 -24"><span class='ocrx_word' id='word_1_116' title='bbox 275 1512 348 1580; x_wconf 82' lang='lat' dir='ltr'>ctes,</span> <span class='ocrx_word' id='word_1_117' title='bbox 371 1506 478 1563; x_wconf 89' lang='lat' dir='ltr'>merito</span> <span class='ocrx_word' id='word_1_118' title='bbox 490 1504 617 1579; x_wconf 84' lang='lat' dir='ltr'>dixeris,</span> <span class='ocrx_word' id='word_1_119' title='bbox 638 1508 717 1564; x_wconf 89' lang='lat' dir='ltr'>inter</span> <span class='ocrx_word' id='word_1_120' title='bbox 729 1526 762 1565; x_wconf 88' lang='lat' dir='ltr'>se</span> <span class='ocrx_word' id='word_1_121' title='bbox 776 1506 1017 1587; x_wconf 83' lang='lat' dir='ltr'>colloquerentur</span> <span class='ocrx_word' id='word_1_122' title='bbox 1029 1516 1059 1563; x_wconf 91' lang='lat' dir='ltr'>et</span> <span class='ocrx_word' id='word_1_123' title='bbox 1076 1502 1286 1562; x_wconf 87' lang='lat' dir='ltr'>deliberarent.</span> <span class='ocrx_word' id='word_1_124' title='bbox 1314 1506 1385 1561; x_wconf 86' lang='lat' dir='ltr'>ita-</span> 
     </span>
     <span class='ocr_line' id='line_1_15' title="bbox 276 1588 1386 1671; baseline -0.002 -22"><span class='ocrx_word' id='word_1_125' title='bbox 276 1604 336 1671; x_wconf 90' lang='lat' dir='ltr'>que</span> <span class='ocrx_word' id='word_1_126' title='bbox 349 1590 452 1649; x_wconf 83' lang='lat' dir='ltr'>Pisida</span> <span class='ocrx_word' id='word_1_127' title='bbox 464 1610 519 1671; x_wconf 88' lang='lat' dir='ltr'>per</span> <span class='ocrx_word' id='word_1_128' title='bbox 531 1588 586 1649; x_wconf 87' lang='lat' dir='ltr'>has</span> <span class='ocrx_word' id='word_1_129' title='bbox 600 1590 759 1651; x_wconf 80' lang='lat' dir='ltr'>verborum</span> <span class='ocrx_word' id='word_1_130' title='bbox 778 1592 937 1671; x_wconf 81' lang='lat' dir='ltr'>ambages,</span> <span class='ocrx_word' id='word_1_131' title='bbox 966 1592 1086 1671; x_wconf 84' lang='lat' dir='ltr'>opinor,</span> <span class='ocrx_word' id='word_1_132' title='bbox 1115 1590 1258 1669; x_wconf 83' lang='lat' dir='ltr'>exprimit</span> <span class='ocrx_word' id='word_1_133' title='bbox 1267 1590 1386 1647; x_wconf 82' lang='lat' dir='ltr'>Persa-</span> 
     </span>
     <span class='ocr_line' id='line_1_16' title="bbox 276 1674 1385 1759; baseline -0.004 -24"><span class='ocrx_word' id='word_1_134' title='bbox 276 1694 345 1735; x_wconf 88' lang='lat' dir='ltr'>rum</span> <span class='ocrx_word' id='word_1_135' title='bbox 360 1678 529 1753; x_wconf 78' lang='lat' dir='ltr'>levitatem,</span> <span class='ocrx_word' id='word_1_136' title='bbox 561 1679 613 1759; x_wconf 92' lang='lat' dir='ltr'>qui</span> <span class='ocrx_word' id='word_1_137' title='bbox 624 1674 806 1757; x_wconf 79' lang='lat' dir='ltr'>horoscopus</span> <span class='ocrx_word' id='word_1_138' title='bbox 820 1687 850 1735; x_wconf 90' lang='lat' dir='ltr'>et</span> <span class='ocrx_word' id='word_1_139' title='bbox 863 1677 1031 1756; x_wconf 86' lang='lat' dir='ltr'>genituras,</span> <span class='ocrx_word' id='word_1_140' title='bbox 1063 1678 1237 1754; x_wconf 84' lang='lat' dir='ltr'>ceteroquin</span> <span class='ocrx_word' id='word_1_141' title='bbox 1256 1694 1303 1731; x_wconf 90' lang='lat' dir='ltr'>res</span> <span class='ocrx_word' id='word_1_142' title='bbox 1319 1694 1385 1732; x_wconf 88' lang='lat' dir='ltr'>va-</span> 
     </span>
     <span class='ocr_line' id='line_1_17' title="bbox 276 1758 1385 1843; baseline 0 -25"><span class='ocrx_word' id='word_1_143' title='bbox 276 1763 434 1836; x_wconf 85' lang='lat' dir='ltr'>nissimas,</span> <span class='ocrx_word' id='word_1_144' title='bbox 463 1772 497 1821; x_wconf 90' lang='lat' dir='ltr'>ut</span> <span class='ocrx_word' id='word_1_145' title='bbox 508 1760 582 1843; x_wconf 91' lang='lat' dir='ltr'>quid</span> <span class='ocrx_word' id='word_1_146' title='bbox 594 1782 712 1821; x_wconf 89' lang='lat' dir='ltr'>sacrum</span> <span class='ocrx_word' id='word_1_147' title='bbox 725 1773 896 1822; x_wconf 89' lang='lat' dir='ltr'>tractarent.</span> <span class='ocrx_word' id='word_1_148' title='bbox 939 1764 993 1843; x_wconf 88' lang='lat' dir='ltr'>qui</span> <span class='ocrx_word' id='word_1_149' title='bbox 1012 1762 1099 1841; x_wconf 86' lang='lat' dir='ltr'>plura</span> <span class='ocrx_word' id='word_1_150' title='bbox 1119 1761 1211 1837; x_wconf 88' lang='lat' dir='ltr'>velit,</span> <span class='ocrx_word' id='word_1_151' title='bbox 1240 1777 1316 1840; x_wconf 87' lang='lat' dir='ltr'>quae</span> <span class='ocrx_word' id='word_1_152' title='bbox 1338 1758 1385 1818; x_wconf 88' lang='lat' dir='ltr'>ad</span> 
     </span>
     <span class='ocr_line' id='line_1_18' title="bbox 277 1844 1383 1929; baseline -0.001 -26"><span class='ocrx_word' id='word_1_153' title='bbox 277 1862 342 1904; x_wconf 90' lang='lat' dir='ltr'>rem</span> <span class='ocrx_word' id='word_1_154' title='bbox 354 1848 482 1921; x_wconf 89' lang='lat' dir='ltr'>faciant,</span> <span class='ocrx_word' id='word_1_155' title='bbox 511 1846 580 1927; x_wconf 78' lang='grc' dir='ltr'>περὶ</span> <span class='ocrx_word' id='word_1_156' title='bbox 595 1852 792 1929; x_wconf 76' lang='grc' dir='ltr'><strong><em>γενεθλιακῆς</em></strong></span> <span class='ocrx_word' id='word_1_157' title='bbox 807 1846 894 1907; x_wconf 88' lang='lat' dir='ltr'>adeat</span> <span class='ocrx_word' id='word_1_158' title='bbox 909 1850 1077 1905; x_wconf 54' lang='lat' dir='ltr'>[lucianum</span> <span class='ocrx_word' id='word_1_159' title='bbox 1092 1846 1129 1903; x_wconf 73' lang='lat' dir='ltr'>ue</span> <span class='ocrx_word' id='word_1_160' title='bbox 1142 1844 1298 1924; x_wconf 77' lang='lat' dir='ltr'>Astrolog.</span> <span class='ocrx_word' id='word_1_161' title='bbox 1323 1849 1383 1926; x_wconf 87' lang='lat' dir='ltr'>qui</span> 
     </span>
     <span class='ocr_line' id='line_1_19' title="bbox 276 1928 1384 2012; baseline 0.001 -23"><span class='ocrx_word' id='word_1_162' title='bbox 276 1928 355 1989; x_wconf 88' lang='lat' dir='ltr'>hanc</span> <span class='ocrx_word' id='word_1_163' title='bbox 369 1932 459 2012; x_wconf 89' lang='lat' dir='ltr'>plane</span> <span class='ocrx_word' id='word_1_164' title='bbox 476 1930 635 1991; x_wconf 88' lang='lat' dir='ltr'>ridiculam</span> <span class='ocrx_word' id='word_1_165' title='bbox 650 1936 807 1993; x_wconf 82' lang='lat' dir='ltr'>scientiam</span> <span class='ocrx_word' id='word_1_166' title='bbox 828 1932 979 2007; x_wconf 87' lang='lat' dir='ltr'>defendit,</span> <span class='ocrx_word' id='word_1_167' title='bbox 1003 1944 1034 1990; x_wconf 91' lang='lat' dir='ltr'>et</span> <span class='ocrx_word' id='word_1_168' title='bbox 1051 1930 1185 1989; x_wconf 85' lang='lat' dir='ltr'>Gellium</span> <span class='ocrx_word' id='word_1_169' title='bbox 1204 1929 1295 2006; x_wconf 79' lang='lat'>141,</span> <span class='ocrx_word' id='word_1_170' title='bbox 1316 1950 1384 2012; x_wconf 89' lang='lat' dir='ltr'>qno</span> 
     </span>
     <span class='ocr_line' id='line_1_20' title="bbox 275 2014 1383 2079; baseline -0.001 -5"><span class='ocrx_word' id='word_1_171' title='bbox 275 2035 365 2075; x_wconf 87' lang='lat' dir='ltr'>nemo</span> <span class='ocrx_word' id='word_1_172' title='bbox 386 2018 495 2077; x_wconf 81' lang='lat' dir='ltr'>melius</span> <span class='ocrx_word' id='word_1_173' title='bbox 518 2019 597 2075; x_wconf 87' lang='lat' dir='ltr'>inter</span> <span class='ocrx_word' id='word_1_174' title='bbox 618 2028 733 2077; x_wconf 87' lang='lat' dir='ltr'>veteres</span> <span class='ocrx_word' id='word_1_175' title='bbox 756 2020 970 2079; x_wconf 82' lang='lat' dir='ltr'>subtilissimae</span> <span class='ocrx_word' id='word_1_176' title='bbox 990 2019 1061 2076; x_wconf 87' lang='lat' dir='ltr'>artis</span> <span class='ocrx_word' id='word_1_177' title='bbox 1083 2014 1280 2076; x_wconf 82' lang='lat' dir='ltr'>fundamenta</span> <span class='ocrx_word' id='word_1_178' title='bbox 1302 2034 1383 2074; x_wconf 89' lang='lat' dir='ltr'>con-</span> 
     </span>
     <span class='ocr_line' id='line_1_21' title="bbox 274 2102 371 2163; baseline -0.031 0"><span class='ocrx_word' id='word_1_179' title='bbox 274 2102 371 2163; x_wconf 84' lang='lat' dir='ltr'>vettit.</span> 
     </span>
    </p>

    <p class='ocr_par' dir='ltr' id='par_1_5' title="bbox 274 2186 1383 3978">
     <span class='ocr_line' id='line_1_22' title="bbox 360 2186 1383 2267; baseline 0.002 -22"><span class='ocrx_word' id='word_1_180' title='bbox 360 2189 412 2251; x_wconf 78' lang='lat'>62.</span> <span class='ocrx_word' id='word_1_181' title='bbox 452 2186 613 2265; x_wconf 83' lang='lat' dir='ltr'>Magorum</span> <span class='ocrx_word' id='word_1_182' title='bbox 646 2188 813 2265; x_wconf 86' lang='lat' dir='ltr'>inscitiam,</span> <span class='ocrx_word' id='word_1_183' title='bbox 845 2198 876 2247; x_wconf 91' lang='lat' dir='ltr'>et</span> <span class='ocrx_word' id='word_1_184' title='bbox 906 2190 1071 2247; x_wconf 84' lang='lat' dir='ltr'>vanitatem</span> <span class='ocrx_word' id='word_1_185' title='bbox 1096 2187 1208 2246; x_wconf 76' lang='lat' dir='ltr'>evincit</span> <span class='ocrx_word' id='word_1_186' title='bbox 1234 2186 1383 2267; x_wconf 86' lang='lat' dir='ltr'>exemplo</span> 
     </span>
     <span class='ocr_line' id='line_1_23' title="bbox 276 2270 1382 2354; baseline -0.002 -21"><span class='ocrx_word' id='word_1_187' title='bbox 276 2270 445 2347; x_wconf 68' lang='lat' dir='ltr'>chosroae,</span> <span class='ocrx_word' id='word_1_188' title='bbox 469 2290 561 2354; x_wconf 90' lang='lat' dir='ltr'>quem</span> <span class='ocrx_word' id='word_1_189' title='bbox 582 2271 635 2331; x_wconf 90' lang='lat' dir='ltr'>diu</span> <span class='ocrx_word' id='word_1_190' title='bbox 658 2274 807 2331; x_wconf 86' lang='lat' dir='ltr'>victurum</span> <span class='ocrx_word' id='word_1_191' title='bbox 827 2292 867 2333; x_wconf 84' lang='lat' dir='ltr'>ex</span> <span class='ocrx_word' id='word_1_192' title='bbox 885 2271 1051 2353; x_wconf 92' lang='lat' dir='ltr'>horoscopo</span> <span class='ocrx_word' id='word_1_193' title='bbox 1069 2271 1300 2352; x_wconf 86' lang='lat' dir='ltr'>praedixerant,</span> <span class='ocrx_word' id='word_1_194' title='bbox 1322 2293 1382 2332; x_wconf 91' lang='lat' dir='ltr'>us-</span> 
     </span>
     <span class='ocr_line' id='line_1_24' title="bbox 277 2354 1382 2440; baseline -0.002 -22"><span class='ocrx_word' id='word_1_195' title='bbox 277 2358 412 2440; x_wconf 88' lang='lat' dir='ltr'>quedum</span> <span class='ocrx_word' id='word_1_196' title='bbox 428 2358 494 2438; x_wconf 88' lang='lat' dir='ltr'>ipse</span> <span class='ocrx_word' id='word_1_197' title='bbox 509 2358 546 2417; x_wconf 88' lang='lat' dir='ltr'>ab</span> <span class='ocrx_word' id='word_1_198' title='bbox 561 2359 634 2417; x_wconf 86' lang='lat' dir='ltr'>urbe</span> <span class='ocrx_word' id='word_1_199' title='bbox 649 2354 843 2440; x_wconf 84' lang='lat' dir='ltr'>Ctesiphonte</span> <span class='ocrx_word' id='word_1_200' title='bbox 857 2356 1015 2419; x_wconf 88' lang='lat' dir='ltr'>invisenda</span> <span class='ocrx_word' id='word_1_201' title='bbox 1035 2359 1211 2435; x_wconf 89' lang='lat' dir='ltr'>abstineret,</span> <span class='ocrx_word' id='word_1_202' title='bbox 1234 2378 1307 2417; x_wconf 89' lang='lat' dir='ltr'>emn</span> <span class='ocrx_word' id='word_1_203' title='bbox 1327 2360 1382 2416; x_wconf 90' lang='lat' dir='ltr'>in-</span> 
     </span>
     <span class='ocr_line' id='line_1_25' title="bbox 275 2444 1382 2526; baseline -0.001 -22"><span class='ocrx_word' id='word_1_204' title='bbox 275 2446 434 2504; x_wconf 82' lang='lat' dir='ltr'>terfectum</span> <span class='ocrx_word' id='word_1_205' title='bbox 455 2444 494 2502; x_wconf 90' lang='lat' dir='ltr'>iri</span> <span class='ocrx_word' id='word_1_206' title='bbox 516 2463 534 2504; x_wconf 89' lang='lat' dir='ltr'>a</span> <span class='ocrx_word' id='word_1_207' title='bbox 557 2444 620 2505; x_wconf 87' lang='lat' dir='ltr'>filio</span> <span class='ocrx_word' id='word_1_208' title='bbox 643 2444 729 2505; x_wconf 89' lang='lat' dir='ltr'>Siroa</span> <span class='ocrx_word' id='word_1_209' title='bbox 752 2449 872 2526; x_wconf 89' lang='lat' dir='ltr'>penitus</span> <span class='ocrx_word' id='word_1_210' title='bbox 893 2449 1083 2526; x_wconf 84' lang='lat' dir='ltr'>ignorantes,</span> <span class='ocrx_word' id='word_1_211' title='bbox 1106 2446 1245 2526; x_wconf 81' lang='lat' dir='ltr'>quamvis</span> <span class='ocrx_word' id='word_1_212' title='bbox 1268 2465 1320 2504; x_wconf 89' lang='lat' dir='ltr'>eos</span> <span class='ocrx_word' id='word_1_213' title='bbox 1342 2455 1382 2503; x_wconf 89' lang='lat' dir='ltr'>ut</span> 
     </span>
     <span class='ocr_line' id='line_1_26' title="bbox 276 2527 1381 2612; baseline -0.002 -22"><span class='ocrx_word' id='word_1_214' title='bbox 276 2551 371 2612; x_wconf 84' lang='lat' dir='ltr'>genus</span> <span class='ocrx_word' id='word_1_215' title='bbox 399 2527 552 2611; x_wconf 89' lang='lat' dir='ltr'>quoddam</span> <span class='ocrx_word' id='word_1_216' title='bbox 575 2527 732 2590; x_wconf 78' lang='lat' dir='ltr'>fatidIcum</span> <span class='ocrx_word' id='word_1_217' title='bbox 754 2543 785 2589; x_wconf 90' lang='lat' dir='ltr'>et</span> <span class='ocrx_word' id='word_1_218' title='bbox 806 2529 942 2590; x_wconf 79' lang='lat' dir='ltr'>divinum</span> <span class='ocrx_word' id='word_1_219' title='bbox 962 2530 1066 2590; x_wconf 90' lang='lat' dir='ltr'>laudet</span> <span class='ocrx_word' id='word_1_220' title='bbox 1083 2533 1235 2590; x_wconf 76' lang='lat' dir='ltr'>Lucienus</span> <span class='ocrx_word' id='word_1_221' title='bbox 1253 2531 1285 2588; x_wconf 92' lang='lat' dir='ltr'>in</span> <span class='ocrx_word' id='word_1_222' title='bbox 1299 2531 1381 2588; x_wconf 85' lang='lat' dir='ltr'>Ma·</span> 
     </span>
     <span class='ocr_line' id='line_1_27' title="bbox 277 2613 1381 2682; baseline 0 -7"><span class='ocrx_word' id='word_1_223' title='bbox 277 2616 395 2676; x_wconf 70' lang='lat' dir='ltr'>crobirs.</span> <span class='ocrx_word' id='word_1_224' title='bbox 440 2613 550 2675; x_wconf 91' lang='lat' dir='ltr'>horum</span> <span class='ocrx_word' id='word_1_225' title='bbox 573 2614 611 2674; x_wconf 86' lang='lat' dir='ltr'>de</span> <span class='ocrx_word' id='word_1_226' title='bbox 633 2627 730 2674; x_wconf 85' lang='lat' dir='ltr'>morte</span> <span class='ocrx_word' id='word_1_227' title='bbox 749 2613 900 2682; x_wconf 76' lang='lat' dir='ltr'>chosroae</span> <span class='ocrx_word' id='word_1_228' title='bbox 922 2619 1098 2674; x_wconf 83' lang='lat' dir='ltr'>vaticinium</span> <span class='ocrx_word' id='word_1_229' title='bbox 1111 2613 1205 2676; x_wconf 89' lang='lat' dir='ltr'>habes</span> <span class='ocrx_word' id='word_1_230' title='bbox 1220 2620 1254 2674; x_wconf 89' lang='lat' dir='ltr'>in</span> <span class='ocrx_word' id='word_1_231' title='bbox 1269 2613 1381 2675; x_wconf 88' lang='lat' dir='ltr'>Theo-</span> 
     </span>
     <span class='ocr_line' id='line_1_28' title="bbox 276 2699 1378 2782; baseline 0 -23"><span class='ocrx_word' id='word_1_232' title='bbox 276 2699 376 2782; x_wconf 84' lang='lat' dir='ltr'>phane</span> <span class='ocrx_word' id='word_1_233' title='bbox 386 2721 422 2777; x_wconf 84' lang='lat' dir='ltr'>p.</span> <span class='ocrx_word' id='word_1_234' title='bbox 439 2703 513 2764; x_wconf 83' lang='lat'><strong>269.</strong></span> <span class='ocrx_word' id='word_1_235' title='bbox 556 2711 689 2759; x_wconf 87' lang='lat' dir='ltr'>ceterum</span> <span class='ocrx_word' id='word_1_236' title='bbox 704 2701 749 2760; x_wconf 91' lang='lat' dir='ltr'>nil</span> <span class='ocrx_word' id='word_1_237' title='bbox 769 2705 899 2777; x_wconf 85' lang='lat' dir='ltr'>mirmn,</span> <span class='ocrx_word' id='word_1_238' title='bbox 921 2705 947 2761; x_wconf 90' lang='lat' dir='ltr'>si</span> <span class='ocrx_word' id='word_1_239' title='bbox 960 2703 1096 2760; x_wconf 89' lang='lat' dir='ltr'>omnium</span> <span class='ocrx_word' id='word_1_240' title='bbox 1110 2722 1211 2760; x_wconf 90' lang='lat' dir='ltr'>rerum</span> <span class='ocrx_word' id='word_1_241' title='bbox 1226 2699 1378 2759; x_wconf 88' lang='lat' dir='ltr'>humana-</span> 
     </span>
     <span class='ocr_line' id='line_1_29' title="bbox 277 2787 1376 2866; baseline -0.002 -20"><span class='ocrx_word' id='word_1_242' title='bbox 277 2805 346 2846; x_wconf 83' lang='lat' dir='ltr'>rum</span> <span class='ocrx_word' id='word_1_243' title='bbox 366 2795 485 2864; x_wconf 86' lang='lat' dir='ltr'>tempus</span> <span class='ocrx_word' id='word_1_244' title='bbox 502 2787 649 2844; x_wconf 85' lang='lat' dir='ltr'>rationem</span> <span class='ocrx_word' id='word_1_245' title='bbox 664 2797 694 2844; x_wconf 90' lang='lat' dir='ltr'>et</span> <span class='ocrx_word' id='word_1_246' title='bbox 707 2803 829 2845; x_wconf 84' lang='lat' dir='ltr'>oausam</span> <span class='ocrx_word' id='word_1_247' title='bbox 842 2789 925 2866; x_wconf 83' lang='lat' dir='ltr'>Magi</span> <span class='ocrx_word' id='word_1_248' title='bbox 939 2789 973 2846; x_wconf 88' lang='lat' dir='ltr'>in</span> <span class='ocrx_word' id='word_1_249' title='bbox 989 2787 1091 2864; x_wconf 90' lang='lat' dir='ltr'>coelo,</span> <span class='ocrx_word' id='word_1_250' title='bbox 1113 2799 1144 2847; x_wconf 88' lang='lat' dir='ltr'>et</span> <span class='ocrx_word' id='word_1_251' title='bbox 1161 2807 1201 2846; x_wconf 84' lang='lat' dir='ltr'>ex</span> <span class='ocrx_word' id='word_1_252' title='bbox 1217 2787 1312 2846; x_wconf 87' lang='lat' dir='ltr'>stele</span> <span class='ocrx_word' id='word_1_253' title='bbox 1326 2807 1376 2844; x_wconf 91' lang='lat' dir='ltr'>re-</span> 
     </span>
     <span class='ocr_line' id='line_1_30' title="bbox 277 2870 1377 2954; baseline -0.002 -24"><span class='ocrx_word' id='word_1_254' title='bbox 277 2870 453 2954; x_wconf 81' lang='lat' dir='ltr'>quirebant,</span> <span class='ocrx_word' id='word_1_255' title='bbox 477 2889 546 2930; x_wconf 90' lang='lat' dir='ltr'>oum</span> <span class='ocrx_word' id='word_1_256' title='bbox 562 2875 667 2932; x_wconf 89' lang='lat' dir='ltr'>aetatis</span> <span class='ocrx_word' id='word_1_257' title='bbox 680 2873 753 2932; x_wconf 83' lang='lat' dir='ltr'>vitio</span> <span class='ocrx_word' id='word_1_258' title='bbox 767 2881 834 2932; x_wconf 89' lang='lat' dir='ltr'>tum</span> <span class='ocrx_word' id='word_1_259' title='bbox 848 2875 937 2932; x_wconf 87' lang='lat' dir='ltr'>multi</span> <span class='ocrx_word' id='word_1_260' title='bbox 954 2875 1045 2931; x_wconf 90' lang='lat' dir='ltr'>etiam</span> <span class='ocrx_word' id='word_1_261' title='bbox 1060 2873 1132 2931; x_wconf 86' lang='lat' dir='ltr'>alibi</span> <span class='ocrx_word' id='word_1_262' title='bbox 1147 2873 1377 2931; x_wconf 79' lang='lat' dir='ltr'>circumferren-</span> 
     </span>
     <span class='ocr_line' id='line_1_31' title="bbox 275 2954 1377 3040; baseline -0.002 -23"><span class='ocrx_word' id='word_1_263' title='bbox 275 2966 326 3017; x_wconf 89' lang='lat' dir='ltr'>tur</span> <span class='ocrx_word' id='word_1_264' title='bbox 345 2954 482 3016; x_wconf 88' lang='lat' dir='ltr'>homines</span> <span class='ocrx_word' id='word_1_265' title='bbox 504 2955 636 3034; x_wconf 84' lang='lat' dir='ltr'>fatidici,</span> <span class='ocrx_word' id='word_1_266' title='bbox 658 2959 711 3040; x_wconf 86' lang='lat' dir='ltr'>qai</span> <span class='ocrx_word' id='word_1_267' title='bbox 728 2960 849 3038; x_wconf 83' lang='lat' dir='ltr'>regibus</span> <span class='ocrx_word' id='word_1_268' title='bbox 868 2961 948 3018; x_wconf 90' lang='lat' dir='ltr'>vitae</span> <span class='ocrx_word' id='word_1_269' title='bbox 963 2968 1116 3017; x_wconf 88' lang='lat' dir='ltr'>momenta</span> <span class='ocrx_word' id='word_1_270' title='bbox 1131 2959 1250 3037; x_wconf 90' lang='lat' dir='ltr'>singula</span> <span class='ocrx_word' id='word_1_271' title='bbox 1266 2957 1377 3037; x_wconf 79' lang='lat' dir='ltr'>expla-</span> 
     </span>
     <span class='ocr_line' id='line_1_32' title="bbox 276 3045 1375 3125; baseline -0.003 -22"><span class='ocrx_word' id='word_1_272' title='bbox 276 3064 366 3120; x_wconf 87' lang='lat' dir='ltr'>nare,</span> <span class='ocrx_word' id='word_1_273' title='bbox 389 3053 419 3102; x_wconf 91' lang='lat' dir='ltr'>et</span> <span class='ocrx_word' id='word_1_274' title='bbox 440 3063 498 3124; x_wconf 92' lang='lat' dir='ltr'>quo</span> <span class='ocrx_word' id='word_1_275' title='bbox 520 3046 648 3125; x_wconf 86' lang='lat' dir='ltr'>quiaque</span> <span class='ocrx_word' id='word_1_276' title='bbox 661 3063 772 3122; x_wconf 84' lang='lat' dir='ltr'>genere</span> <span class='ocrx_word' id='word_1_277' title='bbox 784 3047 890 3104; x_wconf 88' lang='lat' dir='ltr'>mortis</span> <span class='ocrx_word' id='word_1_278' title='bbox 905 3055 935 3103; x_wconf 92' lang='lat' dir='ltr'>et</span> <span class='ocrx_word' id='word_1_279' title='bbox 946 3045 1008 3102; x_wconf 91' lang='lat' dir='ltr'>ictu</span> <span class='ocrx_word' id='word_1_280' title='bbox 1019 3047 1163 3123; x_wconf 89' lang='lat' dir='ltr'>temporis</span> <span class='ocrx_word' id='word_1_281' title='bbox 1176 3053 1256 3103; x_wconf 85' lang='lat' dir='ltr'>esset</span> <span class='ocrx_word' id='word_1_282' title='bbox 1268 3045 1375 3102; x_wconf 89' lang='lat' dir='ltr'>interi-</span> 
     </span>
     <span class='ocr_line' id='line_1_33' title="bbox 275 3128 1374 3208; baseline -0.003 -20"><span class='ocrx_word' id='word_1_283' title='bbox 275 3139 376 3205; x_wconf 86' lang='lat' dir='ltr'>turus,</span> <span class='ocrx_word' id='word_1_284' title='bbox 398 3149 431 3188; x_wconf 90' lang='lat' dir='ltr'>se</span> <span class='ocrx_word' id='word_1_285' title='bbox 444 3145 532 3207; x_wconf 83' lang='lat' dir='ltr'>posse</span> <span class='ocrx_word' id='word_1_286' title='bbox 545 3128 718 3208; x_wconf 77' lang='lat' dir='ltr'>praedicere</span> <span class='ocrx_word' id='word_1_287' title='bbox 732 3129 957 3208; x_wconf 79' lang='lat' dir='ltr'>profiterentnr3</span> <span class='ocrx_word' id='word_1_288' title='bbox 981 3131 1065 3187; x_wconf 89' lang='lat' dir='ltr'>cuius</span> <span class='ocrx_word' id='word_1_289' title='bbox 1078 3131 1123 3188; x_wconf 86' lang='lat' dir='ltr'>rei</span> <span class='ocrx_word' id='word_1_290' title='bbox 1137 3139 1229 3189; x_wconf 86' lang='lat' dir='ltr'>testes</span> <span class='ocrx_word' id='word_1_291' title='bbox 1242 3140 1315 3188; x_wconf 89' lang='lat' dir='ltr'>sunt</span> <span class='ocrx_word' id='word_1_292' title='bbox 1326 3136 1374 3186; x_wconf 91' lang='lat' dir='ltr'>tot</span> 
     </span>
     <span class='ocr_line' id='line_1_34' title="bbox 276 3213 1374 3288; baseline -0.002 -15"><span class='ocrx_word' id='word_1_293' title='bbox 276 3217 466 3274; x_wconf 78' lang='lat' dir='ltr'>omoulounn</span> <span class='ocrx_word' id='word_1_294' title='bbox 484 3223 514 3272; x_wconf 85' lang='lat' dir='ltr'>et</span> <span class='ocrx_word' id='word_1_295' title='bbox 533 3218 684 3274; x_wconf 80' lang='lat' dir='ltr'>visionum</span> <span class='ocrx_word' id='word_1_296' title='bbox 705 3215 777 3273; x_wconf 85' lang='lat' dir='ltr'>libri</span> <span class='ocrx_word' id='word_1_297' title='bbox 794 3236 812 3274; x_wconf 91' lang='lat' dir='ltr'>a</span> <span class='ocrx_word' id='word_1_298' title='bbox 833 3213 1009 3274; x_wconf 77' lang='lat' dir='ltr'>Christianis</span> <span class='ocrx_word' id='word_1_299' title='bbox 1023 3215 1194 3274; x_wconf 86' lang='lat' dir='ltr'>auctoribus</span> <span class='ocrx_word' id='word_1_300' title='bbox 1204 3215 1374 3288; x_wconf 87' lang='lat' dir='ltr'>memorati,</span> 
     </span>
     <span class='ocr_line' id='line_1_35' title="bbox 277 3297 1372 3378; baseline 0.005 -20"><span class='ocrx_word' id='word_1_301' title='bbox 277 3297 317 3358; x_wconf 89' lang='lat' dir='ltr'>de</span> <span class='ocrx_word' id='word_1_302' title='bbox 340 3301 447 3378; x_wconf 88' lang='lat' dir='ltr'>quibus</span> <span class='ocrx_word' id='word_1_303' title='bbox 468 3297 617 3359; x_wconf 81' lang='lat' dir='ltr'>videndus</span> <span class='ocrx_word' id='word_1_304' title='bbox 637 3301 790 3359; x_wconf 83' lang='lat' dir='ltr'>Fabricius</span> <span class='ocrx_word' id='word_1_305' title='bbox 806 3299 891 3359; x_wconf 78' lang='lat' dir='ltr'>Bibl.</span> <span class='ocrx_word' id='word_1_306' title='bbox 914 3301 1023 3359; x_wconf 78' lang='lat' dir='ltr'>Graec.</span> <span class='ocrx_word' id='word_1_307' title='bbox 1042 3300 1102 3358; x_wconf 72' lang='lat' dir='ltr'>vol.</span> <span class='ocrx_word' id='word_1_308' title='bbox 1121 3303 1192 3378; x_wconf 74' lang='lat' dir='ltr'>op.</span> <span class='ocrx_word' id='word_1_309' title='bbox 1207 3303 1286 3375; x_wconf 78' lang='lat'>363,</span> <span class='ocrx_word' id='word_1_310' title='bbox 1307 3300 1372 3378; x_wconf 71' lang='lat' dir='ltr'>qni,</span> 
     </span>
     <span class='ocr_line' id='line_1_36' title="bbox 277 3383 1375 3465; baseline 0.001 -25"><span class='ocrx_word' id='word_1_311' title='bbox 277 3392 312 3441; x_wconf 89' lang='lat' dir='ltr'>ut</span> <span class='ocrx_word' id='word_1_312' title='bbox 331 3385 423 3457; x_wconf 85' lang='lat' dir='ltr'>solet,</span> <span class='ocrx_word' id='word_1_313' title='bbox 444 3383 614 3461; x_wconf 82' lang='lat' dir='ltr'>pererudite</span> <span class='ocrx_word' id='word_1_314' title='bbox 635 3383 784 3444; x_wconf 75' lang='lat' dir='ltr'>disseram</span> <span class='ocrx_word' id='word_1_315' title='bbox 801 3396 904 3444; x_wconf 88' lang='lat' dir='ltr'>utrum</span> <span class='ocrx_word' id='word_1_316' title='bbox 918 3388 1014 3445; x_wconf 73' lang='lat' dir='ltr'>laconi</span> <span class='ocrx_word' id='word_1_317' title='bbox 1026 3386 1166 3465; x_wconf 80' lang='lat' dir='ltr'>¹Sapienti</span> <span class='ocrx_word' id='word_1_318' title='bbox 1181 3403 1277 3444; x_wconf 87' lang='lat' dir='ltr'>necne</span> <span class='ocrx_word' id='word_1_319' title='bbox 1293 3393 1375 3442; x_wconf 83' lang='lat' dir='ltr'>recte</span> 
     </span>
     <span class='ocr_line' id='line_1_37' title="bbox 276 3468 1373 3550; baseline 0.001 -24"><span class='ocrx_word' id='word_1_320' title='bbox 276 3468 444 3526; x_wconf 81' lang='lat' dir='ltr'>tribuantur</span> <span class='ocrx_word' id='word_1_321' title='bbox 458 3470 577 3527; x_wconf 75' lang='lat' dir='ltr'>oracula</span> <span class='ocrx_word' id='word_1_322' title='bbox 590 3487 667 3548; x_wconf 84' lang='lat' dir='ltr'>quac</span> <span class='ocrx_word' id='word_1_323' title='bbox 679 3470 736 3528; x_wconf 86' lang='lat' dir='ltr'>sub</span> <span class='ocrx_word' id='word_1_324' title='bbox 751 3473 816 3530; x_wconf 82' lang='lat' dir='ltr'>eius</span> <span class='ocrx_word' id='word_1_325' title='bbox 829 3474 953 3530; x_wconf 87' lang='lat' dir='ltr'>nomine</span> <span class='ocrx_word' id='word_1_326' title='bbox 963 3472 1220 3548; x_wconf 84' lang='lat' dir='ltr'>circumferuntur,</span> <span class='ocrx_word' id='word_1_327' title='bbox 1241 3471 1373 3550; x_wconf 84' lang='lat' dir='ltr'>plurima</span> 
     </span>
     <span class='ocr_line' id='line_1_38' title="bbox 275 3551 1373 3631; baseline 0.002 -19"><span class='ocrx_word' id='word_1_328' title='bbox 275 3551 449 3612; x_wconf 87' lang='lat' dir='ltr'>huiusmodi</span> <span class='ocrx_word' id='word_1_329' title='bbox 462 3554 571 3631; x_wconf 84' lang='lat' dir='ltr'>scripta</span> <span class='ocrx_word' id='word_1_330' title='bbox 581 3565 727 3613; x_wconf 81' lang='lat' dir='ltr'>recenset.</span> <span class='ocrx_word' id='word_1_331' title='bbox 769 3559 833 3614; x_wconf 84' lang='lat' dir='ltr'>Leo</span> <span class='ocrx_word' id='word_1_332' title='bbox 845 3561 937 3615; x_wconf 84' lang='lat' dir='ltr'>etiam</span> <span class='ocrx_word' id='word_1_333' title='bbox 947 3558 1077 3617; x_wconf 83' lang='lat' dir='ltr'>Allatius</span> <span class='ocrx_word' id='word_1_334' title='bbox 1083 3555 1219 3614; x_wconf 68' lang='lat' dir='ltr'>Ducit.</span> <span class='ocrx_word' id='word_1_335' title='bbox 1230 3557 1268 3614; x_wconf 79' lang='lat' dir='ltr'>de</span> <span class='ocrx_word' id='word_1_336' title='bbox 1277 3556 1373 3614; x_wconf 71' lang='lat' dir='ltr'>Geor-</span> 
     </span>
     <span class='ocr_line' id='line_1_39' title="bbox 274 3638 1372 3721; baseline -0.003 -19"><span class='ocrx_word' id='word_1_337' title='bbox 274 3641 337 3720; x_wconf 64' lang='lat' dir='ltr'>gisa</span> <span class='ocrx_word' id='word_1_338' title='bbox 345 3659 380 3718; x_wconf 84' lang='lat' dir='ltr'>p·</span> <span class='ocrx_word' id='word_1_339' title='bbox 391 3638 453 3702; x_wconf 76' lang='lat'>351</span> <span class='ocrx_word' id='word_1_340' title='bbox 469 3639 566 3697; x_wconf 84' lang='lat' dir='ltr'>obiter</span> <span class='ocrx_word' id='word_1_341' title='bbox 575 3641 736 3700; x_wconf 83' lang='lat' dir='ltr'>nonnullos</span> <span class='ocrx_word' id='word_1_342' title='bbox 748 3643 958 3701; x_wconf 81' lang='lat' dir='ltr'>vaticiniorum</span> <span class='ocrx_word' id='word_1_343' title='bbox 969 3643 1063 3702; x_wconf 88' lang='lat' dir='ltr'>libros</span> <span class='ocrx_word' id='word_1_344' title='bbox 1075 3651 1233 3717; x_wconf 85' lang='lat' dir='ltr'>memorat,</span> <span class='ocrx_word' id='word_1_345' title='bbox 1248 3661 1289 3699; x_wconf 84' lang='lat' dir='ltr'>ex</span> <span class='ocrx_word' id='word_1_346' title='bbox 1302 3642 1372 3721; x_wconf 81' lang='lat' dir='ltr'>qui-</span> 
     </span>
     <span class='ocr_line' id='line_1_40' title="bbox 277 3725 1373 3809; baseline -0.001 -24"><span class='ocrx_word' id='word_1_347' title='bbox 277 3726 334 3785; x_wconf 83' lang='lat' dir='ltr'>bus</span> <span class='ocrx_word' id='word_1_348' title='bbox 346 3727 438 3784; x_wconf 82' lang='lat' dir='ltr'>etiarn</span> <span class='ocrx_word' id='word_1_349' title='bbox 452 3735 575 3804; x_wconf 83' lang='lat' dir='ltr'>apparet</span> <span class='ocrx_word' id='word_1_350' title='bbox 587 3725 738 3786; x_wconf 65' lang='lat' dir='ltr'>emur-e</span> <span class='ocrx_word' id='word_1_351' title='bbox 750 3729 826 3786; x_wconf 81' lang='lat' dir='ltr'>olim</span> <span class='ocrx_word' id='word_1_352' title='bbox 839 3727 990 3809; x_wconf 83' lang='lat' dir='ltr'>quaedam</span> <span class='ocrx_word' id='word_1_353' title='bbox 1001 3727 1122 3787; x_wconf 84' lang='lat' dir='ltr'>oracula</span> <span class='ocrx_word' id='word_1_354' title='bbox 1132 3725 1285 3786; x_wconf 76' lang='lat' dir='ltr'>(lhosroae</span> <span class='ocrx_word' id='word_1_355' title='bbox 1296 3729 1373 3785; x_wconf 72' lang='lat' dir='ltr'>res-</span> 
     </span>
     <span class='ocr_line' id='line_1_41' title="bbox 276 3812 1373 3894; baseline 0.002 -26"><span class='ocrx_word' id='word_1_356' title='bbox 276 3829 379 3870; x_wconf 87' lang='lat' dir='ltr'>sarum</span> <span class='ocrx_word' id='word_1_357' title='bbox 399 3812 477 3890; x_wconf 89' lang='lat' dir='ltr'>regis</span> <span class='ocrx_word' id='word_1_358' title='bbox 495 3813 617 3869; x_wconf 90' lang='lat' dir='ltr'>nomine</span> <span class='ocrx_word' id='word_1_359' title='bbox 634 3813 795 3892; x_wconf 80' lang='lat' dir='ltr'>inscripta,</span> <span class='ocrx_word' id='word_1_360' title='bbox 817 3833 963 3894; x_wconf 90' lang='lat' dir='ltr'>quorum,</span> <span class='ocrx_word' id='word_1_361' title='bbox 984 3815 1016 3871; x_wconf 89' lang='lat' dir='ltr'>ni</span> <span class='ocrx_word' id='word_1_362' title='bbox 1032 3813 1137 3886; x_wconf 87' lang='lat' dir='ltr'>fallor,</span> <span class='ocrx_word' id='word_1_363' title='bbox 1158 3813 1312 3892; x_wconf 85' lang='lat' dir='ltr'>specimen</span> <span class='ocrx_word' id='word_1_364' title='bbox 1325 3819 1373 3870; x_wconf 78' lang='lat' dir='ltr'>est</span> 
     </span>
     <span class='ocr_line' id='line_1_42' title="bbox 275 3893 1373 3978; baseline 0.003 -26"><span class='ocrx_word' id='word_1_365' title='bbox 275 3893 310 3953; x_wconf 89' lang='lat' dir='ltr'>id</span> <span class='ocrx_word' id='word_1_366' title='bbox 345 3895 428 3978; x_wconf 87' lang='lat' dir='ltr'>quod</span> <span class='ocrx_word' id='word_1_367' title='bbox 457 3894 495 3956; x_wconf 79' lang='lat' dir='ltr'>do</span> <span class='ocrx_word' id='word_1_368' title='bbox 522 3899 672 3958; x_wconf 82' lang='lat' dir='ltr'>vaticiniis</span> <span class='ocrx_word' id='word_1_369' title='bbox 699 3897 850 3957; x_wconf 75' lang='lat' dir='ltr'>(lhosruae</span> <span class='ocrx_word' id='word_1_370' title='bbox 884 3897 977 3958; x_wconf 78' lang='lat' dir='ltr'>tradit</span> <span class='ocrx_word' id='word_1_371' title='bbox 1003 3895 1179 3978; x_wconf 77' lang='lat' dir='ltr'>Theophyl.</span> <span class='ocrx_word' id='word_1_372' title='bbox 1207 3898 1373 3957; x_wconf 72' lang='lat' dir='ltr'>simocatta</span> 
     </span>
    </p>

    <p class='ocr_par' dir='ltr' id='par_1_6' title="bbox 269 4064 1372 4406">
     <span class='ocr_line' id='line_1_43' title="bbox 350 4064 1371 4147; baseline -0.004 -19"><span class='ocrx_word' id='word_1_373' title='bbox 350 4069 411 4128; x_wconf 82' lang='lat' dir='ltr'>os.</span> <span class='ocrx_word' id='word_1_374' title='bbox 445 4064 658 4147; x_wconf 75' lang='lat' dir='ltr'>-Theophanes</span> <span class='ocrx_word' id='word_1_375' title='bbox 675 4070 1050 4147; x_wconf 75' lang='lat' dir='ltr'>p.271narratflimam</span> <span class='ocrx_word' id='word_1_376' title='bbox 1069 4064 1215 4126; x_wconf 58' lang='lat' dir='ltr'>undae</span> <span class='ocrx_word' id='word_1_377' title='bbox 1231 4066 1371 4124; x_wconf 81' lang='lat' dir='ltr'>Heraclio</span> 
     </span>
     <span class='ocr_line' id='line_1_44' title="bbox 275 4147 1372 4234; baseline -0.001 -24"><span class='ocrx_word' id='word_1_378' title='bbox 275 4153 308 4210; x_wconf 87' lang='lat' dir='ltr'>iu</span> <span class='ocrx_word' id='word_1_379' title='bbox 326 4147 492 4210; x_wconf 81' lang='lat' dir='ltr'>(lhcsroatn</span> <span class='ocrx_word' id='word_1_380' title='bbox 510 4153 691 4230; x_wconf 76' lang='lat' dir='ltr'>parricidam</span> <span class='ocrx_word' id='word_1_381' title='bbox 709 4173 795 4212; x_wconf 79' lang='lat' dir='ltr'>anna</span> <span class='ocrx_word' id='word_1_382' title='bbox 809 4157 956 4231; x_wconf 80' lang='lat' dir='ltr'>movisse,</span> <span class='ocrx_word' id='word_1_383' title='bbox 982 4158 1144 4234; x_wconf 82' lang='lat' dir='ltr'>ipsumque</span> <span class='ocrx_word' id='word_1_384' title='bbox 1162 4155 1276 4212; x_wconf 58' lang='lat' dir='ltr'>uatem</span> <span class='ocrx_word' id='word_1_385' title='bbox 1293 4169 1372 4212; x_wconf 83' lang='lat' dir='ltr'>oan-</span> 
     </span>
     <span class='ocr_line' id='line_1_45' title="bbox 269 4235 1371 4318; baseline 0.002 -22"><span class='ocrx_word' id='word_1_386' title='bbox 269 4247 357 4298; x_wconf 76' lang='lat' dir='ltr'>atum</span> <span class='ocrx_word' id='word_1_387' title='bbox 368 4239 399 4296; x_wconf 87' lang='lat' dir='ltr'>iu</span> <span class='ocrx_word' id='word_1_388' title='bbox 411 4255 562 4296; x_wconf 79' lang='lat' dir='ltr'>carcarem</span> <span class='ocrx_word' id='word_1_389' title='bbox 575 4237 753 4314; x_wconf 77' lang='lat' dir='ltr'>detrmisse3</span> <span class='ocrx_word' id='word_1_390' title='bbox 773 4241 818 4299; x_wconf 83' lang='lat' dir='ltr'>ibi</span> <span class='ocrx_word' id='word_1_391' title='bbox 828 4249 932 4300; x_wconf 70' lang='lat' dir='ltr'>uitem</span> <span class='ocrx_word' id='word_1_392' title='bbox 942 4251 1079 4318; x_wconf 77' lang='lat' dir='ltr'>satrapas</span> <span class='ocrx_word' id='word_1_393' title='bbox 1092 4240 1297 4314; x_wconf 76' lang='lat' dir='ltr'>constituisse,</span> <span class='ocrx_word' id='word_1_394' title='bbox 1316 4235 1371 4317; x_wconf 79' lang='lat' dir='ltr'>qui</span> 
     </span>
     <span class='ocr_line' id='line_1_46' title="bbox 269 4325 1370 4406; baseline 0 -24"><span class='ocrx_word' id='word_1_395' title='bbox 269 4341 347 4382; x_wconf 76' lang='lat' dir='ltr'>eam</span> <span class='ocrx_word' id='word_1_396' title='bbox 369 4342 447 4404; x_wconf 81' lang='lat' dir='ltr'>pauc</span> <span class='ocrx_word' id='word_1_397' title='bbox 465 4333 500 4382; x_wconf 81' lang='lat' dir='ltr'>et</span> <span class='ocrx_word' id='word_1_398' title='bbox 518 4341 598 4406; x_wconf 87' lang='lat' dir='ltr'>aqua</span> <span class='ocrx_word' id='word_1_399' title='bbox 616 4343 706 4406; x_wconf 67' lang='lat' dir='ltr'>prae</span> <span class='ocrx_word' id='word_1_400' title='bbox 718 4336 919 4386; x_wconf 76' lang='lat' dir='ltr'>sustentatura</span> <span class='ocrx_word' id='word_1_401' title='bbox 934 4328 1051 4387; x_wconf 87' lang='lat' dir='ltr'>iniuriis</span> <span class='ocrx_word' id='word_1_402' title='bbox 1062 4325 1284 4385; x_wconf 75' lang='lat' dir='ltr'>lacessercntet</span> <span class='ocrx_word' id='word_1_403' title='bbox 1295 4341 1370 4382; x_wconf 74' lang='lat' dir='ltr'>oon-</span> 
     </span>
    </p>
   </div>
   <div class='ocr_carea' id='block_1_5' title="bbox 1489 1155 1492 1926">
    <p class='ocr_par' dir='ltr' id='par_1_7' title="bbox 1489 1155 1492 1926">
     <span class='ocr_line' id='line_1_47' title="bbox 1489 1155 1492 1312; baseline 0 0"><span class='ocrx_word' id='word_1_404' title='bbox 1489 1155 1492 1312; x_wconf 83' lang='lat' dir='ltr'>l</span> 
     </span>
     <span class='ocr_line' id='line_1_48' title="bbox 1489 1353 1492 1520; baseline 0 0"><span class='ocrx_word' id='word_1_405' title='bbox 1489 1353 1492 1520; x_wconf 84' lang='lat' dir='ltr'>l</span> 
     </span>
     <span class='ocr_line' id='line_1_49' title="bbox 1489 1539 1492 1730; baseline 0 0"><span class='ocrx_word' id='word_1_406' title='bbox 1489 1539 1492 1730; x_wconf 96' lang='grc'><strong>1</strong></span> 
     </span>
     <span class='ocr_line' id='line_1_50' title="bbox 1489 1737 1492 1926; baseline 0 0"><span class='ocrx_word' id='word_1_407' title='bbox 1489 1737 1492 1926; x_wconf 96' lang='grc'><strong>1</strong></span> 
     </span>
    </p>
   </div>
   <div class='ocr_carea' id='block_1_6' title="bbox 0 0 1514 4900">
    <p class='ocr_par' dir='ltr' id='par_1_8' title="bbox 0 0 1514 4900">
     <span class='ocr_line' id='line_1_51' title="bbox 0 0 1514 4900; baseline 0 0"><span class='ocrx_word' id='word_1_408' title='bbox 0 0 1514 4900; x_wconf 95' lang='lat' dir='ltr'> </span> 
     </span>
    </p>
   </div>
  </div>
 </body>
</html>
