3017 4900
445 353 491 422 ln
514 353 686 424 BELLUM
713 353 944 424 AVARICUM·
1175 355 1246 426 133

145 523 264 588 Fast5
286 521 338 587 35.
379 517 482 581 Pisida
496 520 650 584 confirmet
662 521 842 583 seutentiam
862 541 966 583 eorum
978 523 1033 603 qui
1046 520 1185 601 gigantes
1197 519 1247 581 di-

146 621 211 668 ctos
224 619 330 688 putent
342 609 428 712 putei
439 613 589 690 merem
617 607 699 690 quod
724 619 848 687 etymon
870 607 1016 688 adprobat
1042 605 1179 688 Orpheus
1197 605 1247 668 his

146 695 299 754 versibus:
322 689 378 766 ode
387 691 529 756 καλέουσι
541 694 683 776 ylyasraa
697 689 906 774 hovestete
919 691 1114 775 mareon,
1134 687 1249 758 οὕνεκα

146 784 205 864 γῆς
216 777 351 860 tylvoveo
370 777 423 840 acl
443 777 569 858 αἵματος
588 773 758 858 circuloso.
799 799 906 838 vocem
919 771 1247 857 pwdooudoocefilics

147 863 296 924 mendacii
314 866 475 938 vertimus,
505 883 540 922 eo
560 861 643 944 quod
660 864 816 924 nonnullis
837 867 975 944 gigantes
997 884 1038 924 ex
1063 861 1246 924 daemonum

148 969 215 1008 cum
227 949 404 1034 mulieribus
424 949 583 1008 concubitu
596 949 690 1008 fuisse
702 961 890 1028 procreatos,
912 960 1031 1030 sumpto
1044 968 1085 1008 ex
1097 969 1181 1012 sacru
1194 947 1247 1006 hi-

145 1037 236 1094 storia
250 1043 438 1112 argumento,
459 1033 573 1112 placuit
592 1033 741 1094 adserere.
783 1055 890 1094 rernm
911 1037 939 1095 si
959 1039 1027 1116 quis
1044 1035 1133 1092 malit
1149 1037 1246 1092 inter-

145 1121 256 1198 pretari
272 1118 434 1198 fabulosos
457 1129 510 1178 sut
530 1117 639 1199 salsos
659 1122 807 1200 originis,
845 1139 908 1180 non
932 1141 984 1181 me
1006 1119 1131 1180 habehit
1154 1139 1245 1199 repu-

184 1215 297 1272 antem.
658 1211 666 1228 '

143 1224 183 1284 μ
228 1293 303 1354 216.
345 1286 415 1347 ride
430 1308 520 1368 supra
535 1310 566 1348 v.
581 1293 632 1355 76.

228 1377 303 1438 217.
345 1385 431 1452 porta
443 1375 618 1454 Hospitalis,
640 1393 732 1455 qnam
746 1377 884 1435 nominat
897 1372 1011 1450 Pisida,
1031 1395 1094 1434 non
1106 1394 1245 1436 recense-

144 1468 193 1518 tur
207 1459 240 1516 in
262 1455 349 1538 Cpols'
367 1459 478 1518 Christ.
504 1461 583 1518 inter
600 1460 681 1520 urbis
700 1471 812 1550 portas.
854 1463 1017 1520 verisimile
1037 1460 1156 1522 videtur
1176 1481 1246 1520 eam
1377 1460 1383 1470 '

145 1545 296 1604 exstitisse
309 1543 359 1601 rel
374 1545 454 1602 inter
466 1544 516 1602 vel
529 1564 623 1624 prope
637 1556 748 1625 portes,
771 1557 849 1625 quae
860 1545 1024 1625 Polyandri
1034 1557 1063 1604 et
1072 1547 1106 1606 S.
1116 1549 1246 1606 Romani

144 1626 242 1688 dictae
262 1638 349 1690 sunt:
377 1647 450 1688 nam
472 1627 641 1690 chronicon
659 1629 806 1690 Paschele
821 1651 858 1708 p.
880 1633 1007 1695 trenna
1025 1633 1105 1690 circa
1123 1652 1159 1690 ea
1178 1633 1246 1691 loca

142 1713 286 1774 barbaros
306 1733 376 1774 suos
395 1712 552 1774 machinas
572 1714 715 1776 eduxisse
734 1726 845 1774 narrat.
898 1715 1025 1776 fortasse
1047 1718 1139 1774 etiam
1158 1727 1246 1796 porte

144 1801 309 1878 Hospitalis
323 1819 342 1857 a
356 1809 443 1878 porta
457 1798 622 1894 Polyandri
632 1797 711 1862 oilnl
724 1799 835 1876 differt,
854 1818 933 1880 quse
947 1801 986 1860 ab
998 1799 1157 1862 hominum
1172 1821 1246 1861 con-

144 1888 327 1944 currentium
342 1883 537 1946 multitudine
551 1880 744 1969 πολύανδρος
758 1897 803 1946 est
821 1887 982 1966 appellata.

226 1973 300 2036 219.
344 1972 507 2052 μοριορχὶοι
523 1981 569 2031 est
589 1969 695 2030 decern
715 1973 848 2030 millium
860 1971 1058 2050 praefectura.
1100 1971 1202 2051 itaque
1219 1973 1246 2030 si

144 2052 279 2114 Pisidsm
300 2053 403 2132 sudis,
449 2058 599 2134 octoginta
620 2057 753 2116 millium
772 2075 899 2116 numero
918 2055 1038 2114 barbari
1055 2053 1153 2114 adorti
1175 2066 1245 2116 sunt

143 2137 167 2196 C
188 2141 272 2200 olim.

167 2159 187 2218 p
229 2229 303 2290 222.
344 2217 463 2298 νόθους
475 2218 611 2308 πύργους
622 2235 709 2286 vocat
721 2221 877 2286 machinas
890 2226 1018 2305 ligneas.
1060 2223 1247 2305 Nicephorus

139 2331 176 2388 p·
197 2311 252 2372 12:
274 2301 385 2392 πύργοι
399 2305 432 2372 dl
446 2301 527 2390 ἦσαν
540 2306 657 2388 ξύλινοι
669 2310 722 2376 sel
736 2315 863 2391 χελῶναι
874 2308 911 2374 rei
925 2303 1198 2389 κατασκευάσματα.

229 2393 303 2459 225.
346 2405 425 2455 certa
443 2396 499 2456 tibi
514 2417 583 2477 spes
596 2400 674 2460 inest
690 2397 755 2458 fore
769 2407 804 2457 ut
818 2416 873 2455 suo
885 2399 918 2454 in
931 2396 1004 2455 orbe
1019 2398 1160 2456 consistat
1176 2415 1245 2456 ma·

142 2496 218 2539 nens
232 2478 362 2555 fortune,
383 2500 422 2542 ne
437 2502 454 2541 e
468 2483 556 2542 nobis
570 2493 655 2563 terga
667 2493 775 2543 vertat·
817 2479 887 2543 vide
900 2481 939 2541 de
954 2482 1050 2541 οωιὲι.
1064 2483 1146 2539 vitae
1159 2502 1189 2540 ν.
1206 2487 1245 2547 13

141 2575 230 2645 etseq
252 2612 260 2629 .

227 2586 300 2713 227.
344 2648 381 2709 de
399 2648 507 2711 eodem
520 2652 627 2732 Sergio
645 2663 748 2711 orente
764 2652 877 2711 similia
888 2653 923 2710 in
935 2650 1087 2711 Heroim.
1102 2670 1133 2709 v.
1151 2652 1246 2717 1889.

225 2738 299 2799 281.
342 2733 483 2815 rluoplav
502 2736 620 2797 videtur
636 2738 700 2799 fere
717 2735 825 2797 eodem
841 2756 932 2797 sensu
944 2757 1088 2817 usurpare
1104 2755 1140 2795 ec
1155 2730 1245 2799 orito-

141 2818 237 2899 ψίαν,
259 2829 400 2899 utsupra
415 2842 445 2881 r.
462 2822 514 2887 43.

225 2908 300 2969 236.
344 2906 446 2964 confer
459 2918 617 2987 sequentes
630 2924 734 2965 versus
747 2926 816 2966 cum
828 2908 935 2966 iambis
942 2906 1091 2973 Heraios.
1110 2907 1200 2971 1902.

224 2987 299 3054 248.
342 2987 574 3071 πετροπομποΰς
589 2989 765 3066 funditores,
780 3011 798 3048 e
811 2991 903 3069 πέτρα
913 3000 944 3048 et
959 2990 1077 3070 eripere,

225 3068 312 3137 245:
343 3077 460 3135 exitum
480 3077 751 3157 auspicatissimum
769 3076 934 3137 obtinuisse
949 3096 1053 3155 preces
1067 3075 1167 3154 Sergii
1187 3069 1246 3132 de-

140 3169 286 3219 monstret
298 3171 388 3241 poeta
402 3181 431 3221 r.
449 3164 522 3227 366.

226 3242 298 3309 246.
341 3248 514 3307 Heraclium
534 3250 566 3307 in
582 3246 705 3307 Perside
726 3256 959 3307 commorantem
977 3255 1007 3303 et
1028 3262 1097 3303 cum
1111 3239 1247 3303 chosroe

141 3328 334 3472 dimilcantem
362 3330 399 3391 de
426 3332 508 3395 hello
531 3335 658 3395 Aborioo
686 3352 789 3393 curam
812 3332 995 3411 suscepisse,
1040 3330 1123 3389 solus
1142 3326 1247 3408 prodit

139 3416 204 3473 Pisi
225 3434 251 3477 a.

226 3499 300 3565 250.
342 3501 523 3563 concordant
536 3500 740 3582 Theophanes
761 3498 989 3582 etltioephorus
1009 3518 1078 3559 com
1091 3511 1193 3561 nostro
1209 3498 1246 3557 in

139 3578 266 3643 huiusce
282 3586 357 3646 belli
368 3590 489 3649 Aharici
510 3588 623 3669 epocha
639 3585 835 3668 designando.
879 3607 984 3647 omnes
999 3588 1082 3645 enim
1097 3584 1131 3644 id
1146 3587 1246 3645 conti·

139 3672 220 3749 gisse
235 3680 382 3733 testantur
396 3693 475 3735 enno
497 3678 535 3739 16
552 3674 694 3733 Heraclii.
737 3674 894 3733 Heraclius
914 3683 1018 3731 actem
1031 3672 1184 3751 profectus
1198 3680 1245 3730 est

137 3758 171 3815 in
183 3757 289 3815 Asiam
305 3776 383 3817 anno
397 3762 516 3839 imperii
529 3762 577 3819 sui
591 3764 640 3833 12,
661 3778 767 3817 mense
779 3760 887 3817 Martio
899 3756 1064 3818 secondum
1074 3752 1245 3835 Theopha-

137 3859 221 3916 nem,
242 3842 293 3901 rel
305 3846 404 3924 Aprili
418 3843 584 3905 secundum
600 3842 768 3903 chronicon
780 3841 937 3904 Paschsle.
980 3854 1012 3901 et
1028 3842 1145 3901 bellum
1158 3840 1245 3901 Aba·

139 3927 235 3989 risum
255 3946 361 3989 mense
374 3932 452 3991 lulio
474 3931 569 3991 tribus
591 3940 661 4008 post
679 3931 767 3988 arinis
779 3939 880 3988 actum
895 3938 957 3987 est:
979 3929 1081 4006 itaque
1095 3928 1122 3986 si
1134 3946 1155 3995 ,ο
1170 3945 1245 4006 pro-

139 4008 269 4071 fectione
284 4016 416 4073 Heraclii
432 4036 473 4075 ex
485 4017 559 4075 urbe
574 4025 694 4095 tempus
708 4023 863 4093 supputes,
885 4022 964 4074 recte
980 4010 1095 4071 dixisse
1108 4010 1246 4071 Pisidarn

137 4095 291 4239 ffleniets,
322 4102 375 4182 qui
396 4120 491 4163 annos
512 4113 573 4161 tres
593 4102 657 4159 iem
676 4101 815 4178 exegisse
838 4100 1050 4178 imperatorem
1068 4100 1103 4157 in
1118 4094 1245 4157 Perside

190 4199 280 4240 rma.

222 4264 297 4329 258.
338 4266 473 4331 hiemem
495 4280 633 4332 urentem
652 4266 861 4352 ν’ποοβολικῶς
882 4266 970 4345 dicit,
1012 4278 1046 4327 ut
1071 4264 1111 4325 ad
1135 4281 1246 4323 zonam

136 4368 234 4433 usque
245 4349 380 4413 mediam
393 4358 456 4416 sire
467 4356 627 4431 torridam,
658 4372 751 4437 quam
769 4375 810 4415 ex
831 4357 926 4415 nimio
946 4354 1044 4413 calore
1057 4348 1246 4411 inhabitabi-
