3017 4900
374 309 630 384 aesculum
653 313 688 385 S.
714 313 906 386 soumis„
1166 319 1239 394 151

136 476 250 542 deciae
275 495 350 541 resa
375 487 407 540 et
433 476 632 541 noerdctelee
658 490 758 542 restes
779 491 930 562 spectent,
958 479 1136 566 prinsquam
1155 505 1241 548 eacre

134 576 333 647 perageretur
342 565 465 646 liturgia
481 585 537 628 eeu
550 565 687 628 divinum
698 585 736 626 ao
752 569 986 629 ecclesiasticum
997 571 1145 647 officium,
1166 591 1239 632 mu·-

133 656 191 711 nie
202 651 327 712 obibant
338 651 482 728 Diaconi,
503 649 558 712 sed
574 662 605 712 et
618 651 814 714 comidebant
830 674 885 736 pro
899 658 1032 715 muueris
1049 660 1097 716 eui
1111 659 1239 718 ratione.

135 757 178 797 an
190 757 264 797 vero
279 734 468 796 dieconicum
481 739 625 798 ecclesiae
638 737 721 798 idem
733 739 826 799 fuerit
838 759 908 800 curn
922 761 958 800 eo
971 761 1087 802 carcere
1100 745 1153 824 qui
1166 762 1239 822 per-

133 821 209 882 inde
227 821 377 882 diaconici
394 842 506 882 nomen
523 821 646 900 hebuit,
674 823 765 884 rideo
787 826 982 902 controverti,
1005 829 1061 886 etsi
1080 829 1236 906 probabile

132 911 175 968 sit
192 906 324 968 eandem
339 906 486 968 exedram
499 909 605 970 iubae.
645 929 720 970 nam
738 930 806 970 oum
822 911 907 971 nefas
925 909 1067 971 ducerent
1080 915 1170 993 prisci
1183 934 1235 972 ea-
1250 912 1274 969 1³
1291 914 1344 972 594

133 995 246 1054 deciae
268 994 425 1074 pontifices
446 1013 515 1054 reos
538 997 663 1056 clericos
685 1015 748 1056 una
769 1017 838 1056 oum
854 999 912 1056 reis
929 998 1114 1058 secularibus
1129 996 1237 1060 eodem

132 1099 254 1138 carcere
277 1078 419 1154 detineri,
443 1099 500 1140 eeu
520 1079 603 1162 quod
622 1099 710 1140 suam
722 1085 757 1141 in
774 1102 825 1143 eos
841 1085 1048 1144 aauoritatem
1066 1092 1097 1142 et
1112 1081 1238 1143 iurisdi-

131 1165 267 1226 ctionem
278 1184 396 1224 semare
410 1183 445 1225 ao
459 1168 554 1241 tueri,
574 1166 639 1242 rel,
661 1165 745 1250 quod
754 1187 825 1228 veru
837 1169 1040 1243 similimum,
1062 1187 1133 1228 cum
1145 1169 1237 1230 oleri-

132 1253 176 1310 cis
193 1253 258 1309 ruia
273 1252 378 1311 mitiue
391 1269 480 1330 agere
493 1251 609 1312 vellent
622 1270 714 1332 qaam
729 1254 829 1314 solent
849 1251 992 1314 ordinarii
1011 1251 1144 1330 iudices,
1164 1255 1236 1316 illos

131 1337 165 1394 in
185 1336 382 1396 ecclesiarum
400 1338 567 1397 secretariis
584 1335 823 1418 sceuophylaciia
837 1349 889 1398 aut
904 1336 1139 1399 catechumeniie
1154 1337 1236 1400 deti-

129 1421 256 1496 nebant,
272 1440 427 1502 quomque
440 1441 496 1502 per
504 1425 720 1503 peonitentiam
734 1426 772 1484 iis
785 1426 967 1503 impositam,
979 1443 1072 1505 quam
1084 1423 1236 1506 insolutae

128 1516 252 1581 vocant,
271 1517 483 1588 peractumque
496 1527 552 1568 aua
564 1510 738 1588 expirarent
750 1508 859 1568 delicta
872 1529 907 1576 ec
921 1511 1055 1568 crimina.
1097 1511 1140 1568 ita
1156 1511 1236 1570 Gre-

129 1594 238 1670 gorius
249 1611 276 1651 11
289 1594 339 1652 1³1>
351 1593 385 1651 in
398 1594 486 1672 epist.
499 1596 522 1658 2
535 1589 576 1653 ad
587 1595 722 1654 Leonem
735 1596 873 1654 isaurum
885 1597 918 1652 in
932 1611 981 1654 vu
994 1590 1135 1673 Synodo:
1152 1614 1234 1673 pan-

129 1677 242 1752 tlficaa,
262 1675 721 1758 ubiquiepecourit,—eum
741 1680 1116 1758 tanquamiucarcerem,
1137 1679 1235 1738 iruue-

129 1765 264 1821 cretorio
288 1783 501 1842 sucorumque
526 1783 668 1824 votorum
695 1766 816 1822 aerario
835 1765 1011 1836 coniiciunt,
1038 1765 1073 1822 iu
1093 1764 1235 1824 eccleerbe

129 1847 276 1908 &mnia
294 1859 324 1906 et
339 1849 373 1906 iu
390 1847 605 1908 catechumen
623 1847 780 1930 ablegant.
824 1847 895 1908 binc
916 1869 978 1910 uon
993 1847 1090 1909 semel
1104 1849 1235 1929 legimus

128 1935 163 1992 iu
189 1934 355 1992 Diaconioe
377 1934 444 1993 vioe
469 1935 596 1996 cercone
620 1937 769 1996 coniector
794 1935 916 1995 clericos
941 1931 1167 2015 delinquentes:
1198 1955 1235 1996 eo

129 2021 216 2078 enim
235 2027 351 2098 spectat
369 2020 424 2078 lex
443 2023 486 2084 80
508 2017 576 2079 cod.
594 2017 716 2079 Theod.
740 2017 779 2080 de
802 2023 942 2079 Haeret:
971 2021 1073 2080 cuncti
1093 2019 1237 2080 Ιιιιινιέὲσί

125 2104 241 2184 procul
255 2103 348 2164 dcta
367 2103 872 2166 noverintomne‘uaibilocoltuiau
886 2103 1144 2165 urbzbaclimendu
1159 2125 1236 2178 eece,

129 2193 195 2249 eive
212 2188 272 2249 ereb
293 2189 487 2250 eccle-taurum
506 2195 627 2250 nonum
644 2203 815 2264 tenacettur,
835 2193 898 2250 eive
911 2211 990 2271 quae
1002 2192 1160 2250 meconion
1174 2211 1234 2270 ap-

125 2275 288 2355 pellatur
299 2274 350 2334 vel
359 2277 450 2334 etcum
461 2273 616 2335 decmecn.
661 2296 722 2358 quo
744 2277 812 2337 loco
829 2286 930 2336 censet
945 2276 1083 2336 curaui
1096 2275 1235 2334 diaconi-

128 2383 200 2422 (κω
211 2359 298 2420 idem
309 2381 380 2422 esse
389 2359 473 2443 quod
488 2359 679 2434 demeum,
699 2381 849 2422 macerem
861 2380 972 2440 nempe
987 2361 1233 2437 ecclesiasticum,

126 2449 160 2506 in
172 2468 236 2530 quo
250 2445 460 2508 detinebantur
473 2450 518 2507 rei
530 2448 650 2525 clerici3
675 2467 736 2530 que
757 2450 879 2508 notione
898 2448 1041 2527 accipian
1056 2443 1234 2507 decanicum

127 2533 211 2614 apud
231 2534 385 2593 lulianam
400 2536 629 2594 Anteceseorem
643 2535 769 2594 coarat.
782 2534 841 2598 73:
864 2544 999 2592 caecator
1015 2542 1117 2591 auum
1133 2526 1234 2591 litium

127 2622 309 2679 mammea
319 2620 354 2679 in
366 2618 517 2679 decursicis
531 2618 725 2679 ecclesiarum
737 2618 927 2691 recludatur,
947 2628 1140 2696 competentes
1155 2636 1234 2697 poe·

126 2727 185 2764 aeae
206 2704 355 2778 belum·
376 2724 455 2787 quae
476 2702 604 2765 totidem
615 2705 716 2765 verbis
729 2714 849 2765 exstant
862 2705 916 2763 lib.
931 2702 951 2767 b
966 2705 1063 2783 Capit.
1077 2703 1177 2762 caroli
1188 2704 1233 2763 Μ.

126 2810 154 2851 ο.
167 2790 246 2857 225.
267 2790 321 2849 ubi
332 2792 459 2852 Novella
471 2791 629 2850 iustiniani
639 2794 681 2857 97
693 2788 786 2850 hebet
800 2790 834 2855 lu
851 2796 915 2865 acic
929 2788 1127 2871 καλουμένοις
1141 2787 1233 2852 δικα-

125 2880 238 2951 νικοῖς.
282 2872 417 2935 decanici
435 2886 607 2956 praeterea,
627 2876 792 2956 velpotiue
807 2875 981 2949 δικανικοῦ,
1002 2876 1129 2934 occurrit
1141 2893 1232 2933 rnen·-

126 2964 170 3021 tio
190 2963 227 3019 in
244 2962 462 3042 supplicatione
479 2962 586 3020 basilii
608 2958 727 3019 diaconi
738 2963 772 3019 iu
788 2960 921 3019 Concilio
935 2956 1088 3039 Ephesino
1102 2969 1179 3039 part.
1196 2964 1232 3024 1:

125 3040 278 3110 κᾶκιῖθεκ
296 3042 481 3127 τυπτόμενοι
492 3041 576 3128 copel
592 3049 648 3108 roei
658 3042 748 3125 ὄχλου
765 3048 829 3107 τοῖν
846 3046 981 3107 δικαιῶν
999 3037 1182 3127 ἀπηγόμεθα
1198 3040 1234 3104 ie

125 3136 168 3216 epi
191 3132 358 3219 δικανικῷ,
382 3125 473 3235 ederi
488 3124 624 3213 rupeoelc
643 3127 726 3233 ιξμιῖς
747 3130 889 3210 δεσμίους
910 3127 953 3203 u‘c
966 3122 1233 3229 καὶδκικθδνονς

124 3212 1049 3387 aliutltltttltttttttttittt.
1072 3213 1232 3361 etit

125 3386 269 3447 tribuual
285 3386 519 3447 ecolesmaticum
535 3386 641 3463 vertit,
653 3420 658 3429 ·
670 3384 726 3446 eed
751 3402 926 3465 perperam,
953 3394 988 3442 ut
1009 3384 1130 3463 opinor:
1158 3402 1232 3443 nam

125 3476 184 3533 etei
203 3494 239 3533 re
260 3494 333 3535 uere
354 3470 551 3553 postmodum
570 3470 630 3530 bec
651 3472 853 3551 appellatione
878 3468 984 3529 donari
1002 3470 1150 3549 potuerit,
1171 3466 1231 3527 hoe

124 3570 231 3619 temen
244 3559 314 3619 looo
327 3559 489 3622 δικανικοῦ
501 3556 648 3618 uocabulo
665 3556 775 3616 diserte
790 3575 890 3615 carcer
905 3554 1099 3633 intelligitur,
1121 3556 1148 3613 ei
1167 3572 1230 3613 nou

125 3646 366 3719 eccleciaeticue,
392 3644 520 3703 certeis
544 3644 599 3723 qui
619 3640 818 3717 decanorum,
845 3639 879 3700 id
898 3648 943 3699 est
962 3642 1118 3715 lictorem,
1141 3658 1230 3697 curae

124 3733 309 3792 commutas
324 3740 397 3789 erat.
426 3729 489 3789 nisi
500 3730 568 3810 qnia
578 3729 666 3787 malit
677 3726 854 3786 decanicum
865 3728 898 3784 in
913 3722 970 3784 hac
984 3724 1119 3804 Epistola
1133 3723 1230 3802 accipi

125 3816 240 3877 debere
265 3834 322 3897 pro
342 3814 411 3876 loco
430 3816 545 3895 inquo
565 3815 726 3873 actionem
754 3831 841 3872 suem
864 3810 1015 3869 hebebant
1040 3807 1148 3868 deceni
1173 3826 1230 3867 eeu

124 3904 310 3983 ῥαβδοῦχοι,
331 3902 378 3960 uti
397 3899 587 3981 appellentur
605 3918 624 3957 a
642 3896 914 3977 (ledrenop.170;
937 3893 974 3954 dc
992 3894 1101 3976 quibua
1116 3894 1232 3973 passim

125 3998 223 4067 agam
237 3989 409 4067 scriptores.
440 3995 472 4044 at
482 3986 510 4045 ei
521 3982 699 4044 decanicum
711 3982 795 4043 idean
807 3983 867 4041 fuit
880 4000 950 4040 cum
964 3978 1136 4055 diaconico,
1156 4000 1232 4060 pro-

125 4073 229 4133 babile
253 4082 300 4132 est
319 4070 498 4131 decanicum
520 4079 552 4129 et
568 4067 738 4129 dicenicum
754 4078 892 4148 corrupte
906 4064 1100 4146 postmodum
1114 4063 1229 4124 dictum

127 4156 213 4239 quod
228 4155 420 4219 diaconicum
434 4157 582 4239 appellari
598 4154 752 4216 debuerat.
793 4173 851 4212 neo
869 4156 931 4213 scio
947 4170 987 4211 an
1004 4155 1095 4212 etiem
1112 4149 1230 4209 dicaui-

128 4264 198 4303 cum
213 4264 233 4303 a
247 4264 321 4304 voce
335 4244 405 4323 diem
416 4251 624 4323 nuncupatum
634 4242 693 4301 eibi
706 4240 908 4323 persuaserint
920 4239 1098 4319 posteriores
1112 4236 1229 4309 Graeci,

129 4327 211 4410 qnod
230 4330 265 4389 in
285 4328 450 4391 diecouicie
470 4326 584 4392 indicia
595 4346 652 4391 tua
662 4336 838 4388 exercerent
851 4323 1022 4405 pontifices,
1044 4318 1127 4404 quod
1146 4316 1231 4379 indi-
