3017 4900
623 282 866 356 PRAEFATIO·
1028 267 1032 273 ’
1215 308 1293 361 mx

193 450 406 521 σιοιιόιοοιιοί
420 448 648 533 σσιοοφιίλοιιος
659 456 713 535 τῆς
724 450 854 538 μεγάλης
865 450 1022 536 ἐκκλησίας
1035 457 1092 519 τοῦ
1103 454 1234 521 Πισίίοιι
1247 456 1292 533 είς

194 557 253 641 τήν
268 552 471 640 Ἕξαήμερον,
498 557 533 613 in
548 556 768 616 Hexai‘meron.
790 558 1038 636 Epigrummata,
1059 558 1236 631 Heraclius,
1256 560 1294 619 ds

195 664 330 721 mndata
341 663 433 733 vitae,
455 670 559 718 οοιισνα
574 660 730 733 Serenam,
750 659 788 719 de
799 658 981 738 repedatum
993 662 1145 735 Heoclti,
1166 661 1295 721 debello
1356 716 1363 732 ,

196 758 346 836 Abm'oo,
367 766 401 821 io
415 761 630 822 Ancorarium.
677 772 843 843 sequuntur
857 762 999 841 anonymi
1014 764 1108 823 iambi
1123 766 1156 823 in
1173 764 1207 823 S.
1225 766 1294 823 Ma-

195 870 273 925 riam
285 866 517 947 Aegyptiam,
539 884 574 923 ac
588 862 698 923 deinde
711 865 841 943 plurima
855 861 962 922 Philae
976 866 1119 925 camina.
1160 886 1218 925 neo
1230 870 1294 925 lie-

190 976 360 1030 '1aimeron
378 988 436 1027 nec
459 969 632 1050 poemation
654 964 692 1025 de
712 968 845 1028 vanitate
863 968 943 1025 vitae
961 964 1072 1025 exinde
1093 968 1216 1048 colligas
1230 989 1295 1028 esse

196 1074 354 1131 mutilum:
367 1062 481 1129 ⁸omnes
493 1072 575 1129 enim
586 1090 691 1129 versus
704 1070 863 1149 utrobique
876 1070 933 1128 sibi
947 1066 1111 1129 succedunt
1123 1090 1177 1131 sno
1189 1068 1294 1129 ordine

196 1175 365 1249 coniuncti3
385 1174 469 1231 nulla
491 1173 581 1235 litora
603 1182 726 1252 apparet
744 1173 779 1230 in
799 1170 920 1248 medio,
940 1190 1040 1253 neque
1060 1174 1094 1231 in
1114 1172 1189 1248 fine,
1212 1170 1296 1253 quod

197 1279 309 1357 apponi
326 1278 403 1336 solet
417 1294 486 1333 cum
499 1272 616 1355 aliquid
627 1272 827 1350 desideratur,
845 1274 940 1337 λείπει
950 1271 1042 1336 τᾶλλα
1054 1274 1181 1355 legitur,
1203 1286 1237 1334 ut
1250 1284 1297 1334 est

188 1382 230 1438 in
246 1379 395 1438 Motellio.
438 1379 472 1434 in
487 1378 624 1454 margine
640 1387 711 1435 suut
727 1378 808 1435 tituli
822 1396 862 1435 ex
875 1377 969 1435 minio
984 1396 1085 1435 rerum
1099 1379 1197 1458 capita
1213 1374 1296 1435 indi-

198 1492 309 1557 cantes,
327 1481 432 1561 quales
442 1476 527 1537 idem
535 1476 692 1535 Motellius
706 1474 845 1536 exhibuit
857 1482 890 1537 in
904 1497 958 1537 sue
974 1476 1104 1537 editione
1120 1480 1295 1537 Parisiensi.

199 1582 313 1660 codex,
334 1593 368 1641 ut
389 1578 524 1656 ridetur,
549 1600 566 1638 e
585 1581 833 1638 Columnensium
849 1578 938 1639 domo
953 1578 996 1637 ad'
1003 1578 1219 1640 bibliothecam
1232 1582 1296 1640 Va-

197 1690 330 1745 ticanum
347 1685 500 1743 transivit:
521 1680 615 1740 habet
633 1684 714 1740 enirn
733 1684 766 1740 iu
784 1682 933 1762 principio
947 1679 1023 1741 haec
1039 1682 1145 1760 verbe,
1169 1682 1226 1741 Ιιοο
1240 1702 1295 1742 νο-

185 1788 301 1847 lumen
322 1784 367 1844 est
382 1787 442 1843 mei
457 1784 583 1843 Nicolai
595 1784 823 1843 Bartholomcei
834 1786 872 1844 de
891 1784 1054 1845 columna.
1099 1788 1222 1867 quintus
1240 1804 1294 1843 co-

198 1889 262 1948 dex
273 1892 340 1950 Vat.
356 1898 402 1947 eet
417 1890 508 1963 1281,
527 1888 734 1966 bombycinus,
748 1899 834 1947 extra
848 1890 969 1967 etintus
982 1886 1154 1967 praeferens
1167 1895 1296 1947 stemma

199 1990 308 2051 domus
319 1988 465 2049 (leraffae.
495 1990 529 2047 in
540 1992 638 2070 prima
652 1993 764 2071 pagine
778 1992 889 2069 legitur
899 1990 1032 2049 Antonii
1045 1989 1136 2049 card.
1156 1988 1297 2069 Ccraffne

200 2091 419 2153 biblsothecurii
433 2112 545 2150 munus
557 2112 592 2150 ex
606 2103 786 2151 testamento.
832 2096 968 2175 sequitur
981 2092 1033 2152 hic
1046 2093 1176 2159 titulus':‚
1192 2096 1248 2155 rori
1263 2090 1298 2155 ἐν

186 2194 298 2277 ιίγίοις
318 2193 409 2277 ἡμᾶν
431 2196 585 2279 Κορίλλοο
605 2192 791 2279 πατριάρχου
807 2189 1019 2278 Ἀλεξσνίρίιις
1033 2193 1102 2277 περί
1119 2188 1204 2269 ζώων
1220 2188 1299 2259 tosi-

200 2320 288 2378 ιηιος
301 2296 354 2360 sal
369 2302 476 2377 φοτιίν
489 2293 541 2362 διὰ
556 2299 664 2380 στίχον
678 2296 846 2380 laudensis,
868 2290 944 2381 πρὸς
963 2293 1014 2360 τὸν
1032 2300 1087 2377 τῆς
1103 2300 1297 2361 limosam-

202 2394 374 2475 νοοπόλεως
397 2394 584 2484 anamma
605 2394 716 2484 ιιιίριον
737 2399 875 2488 Σίρχιον.
918 2397 974 2460 sed
988 2418 1005 2458 a
1020 2418 1113 2460 manu
1130 2400 1299 2478 recentiori,

185 2521 280 2585 ‘quaa
297 2501 418 2563 videtur
438 2523 503 2564 esse
525 2504 648 2579 Aliatii,
668 2502 784 2564 ibidem
801 2515 881 2564 recte
897 2515 943 2564 est
955 2501 1129 2563 adnotatum
1145 2504 1299 2587 Γιωργίοιι

200 2609 259 2670 τοο·
271 2607 416 2670 ’Πισίιλοιι
458 2617 528 2688 post
548 2626 670 2668 versum
692 2611 750 2676 80:
773 2611 879 2690 osyoios
899 2603 1049 2691 Πρόολδι,
1071 2606 1197 2686 legitur,
1220 2600 1299 2690 ἆρχῆ

186 2704 261 2772 ὀὖν
273 2711 340 2793 θεῷ
352 2713 425 2787 τοῦ,
448 2708 489 2784 ιιίς
503 2706 694 2794 ἕμιγολιίνθη
704 2705 743 2772 τοί
758 2709 828 2792 ἔργα
840 2705 1003 2790 occasiost.
1036 2692 1145 2774 Ιιιιίντιι
1159 2709 1193 2775 lv
1205 2710 1300 2795 σοφίᾳ

202 2809 361 2892 helnone,
383 2833 400 2871 e
415 2813 524 2892 quibus
538 2814 653 2888 verbis,
676 2814 800 2871 sitente
814 2824 891 2873 esset
904 2811 1014 2872 codicis
1028 2815 1202 2888 auctoritas,
1223 2810 1300 2872 haec
1352 2806 1353 2811 ’

203 2911 263 2972 duo
286 2913 373 2972 firma
395 2911 592 2990 haberentur,
624 2924 656 2973 et
679 2911 761 2993 quod
784 2916 823 2972 sit
845 2916 1027 2975 Hexaetneri
1049 2917 1246 2995 principium,
1269 2924 1300 2974 et

203 3034 295 3098 quem
307 3014 487 3076 sibiduoem
495 3018 529 3074 in
542 3036 579 3076 eo
592 3014 748 3076 scribendo
762 3017 870 3094 legerit
880 3015 993 3076 Pisida.
1024 3035 1130 3076 verum
1142 3015 1193 3076 hic
1206 3017 1297 3097 plane

183 3138 185 3147 ·
203 3131 250 3180 est
265 3120 318 3178 ille
334 3118 448 3194 codex,
470 3121 555 3180 onius
575 3116 738 3200 epigraphe
760 3116 901 3198 deceptus
922 3121 1123 3198 Hieronymus
1137 3119 1298 3178 Brunellns

201 3226 415 3283 llexaimeron
425 3219 546 3282 Pisidae
561 3220 657 3281 edidit
667 3226 781 3282 Romae
795 3239 873 3280 anno
888 3220 970 3286 1590
981 3222 1036 3280 sub
1048 3222 1296 3303 nomineoyrtllt,

201 3335 237 3384 nt
256 3345 346 3405 snpra
366 3323 481 3384 dictum
500 3335 562 3384 est:
584 3327 686 3384 omnia
703 3328 786 3386 euim
801 3322 982 3406 respondent
996 3323 1207 3402 adamussim,
1228 3345 1298 3386 oum

203 3426 307 3486 titulus
322 3438 389 3486 tum
410 3429 580 3488 iamborum
593 3449 753 3505 numerus,
776 3430 914 3511 quisunt
932 3427 1024 3496 1864.
1069 3441 1201 3490 ceterum
1218 3439 1298 3490 totns

205 3539 358 3608 corruptas
372 3535 460 3591 estet
472 3551 594 3613 prorsus
606 3530 833 3608 inemendatus,
856 3551 1029 3616 quanquam
1040 3554 1102 3595 non
1113 3535 1301 3613 ineleganter

205 3633 331 3712 scriptas
345 3635 432 3694 initio
444 3635 557 3694 saeculi
573 3633 622 3698 15.
664 3637 698 3693 in
707 3638 843 3714 margine
856 3635 896 3696 ad
912 3655 1034 3696 versum
1049 3634 1300 3701 istiusmodi

183 3752 188 3765 ’
203 3745 252 3795 est
261 3736 416 3816 inscriptio
427 3736 495 3821 περί
510 3740 566 3817 τῆς
581 3739 664 3817 ἱερᾶς
676 3732 772 3802 νόσου
786 3737 824 3798 de
836 3759 921 3798 cnoro
936 3738 1051 3810 morbo,
1065 3758 1158 3819 quam
1170 3740 1203 3797 in
1215 3739 1301 3800 nullo
1355 3797 1363 3808 ,

203 3838 265 3897 alio
278 3837 380 3898 oodioe
393 3841 502 3921 reperi.
537 3838 593 3900 sed
604 3850 635 3899 et
646 3841 801 3902 Morellirn
815 3841 944 3902 eandem
956 3843 1089 3921 glossam
1102 3844 1302 3922 marginalem

205 3945 359 4021 apposuit,
390 3945 473 4002 orius
494 3943 558 4002 rim
578 3943 671 4023 plane
690 3962 753 4002 non
777 3963 936 4026 assequor,
963 3963 1020 4004 nec
1041 3955 1129 4004 antea
1149 3955 1301 4007 assemtus

184 4041 264 4102 Ἰίιιλῒ
284 4043 381 4104 editor
401 4045 602 4106 bibliothecae
620 4049 745 4106 Patrnm
763 4047 859 4108 Paris.
879 4047 971 4112 1589.
1014 4049 1059 4108 alt
1074 4049 1172 4126 enim,
1194 4049 1302 4106 tisseri-

201 4148 336 4223 puenem
357 4148 395 4206 de
410 4148 512 4209 morbo
534 4171 621 4210 sucro
642 4169 703 4209 ιιοιι
723 4151 829 4230 capio:
858 4150 965 4210 mlius
984 4150 1026 4227 ds,
1042 4148 1253 4212 οονσαιιιίιιίόιιο
1275 4161 1304 4206 ολ

199 4251 348 4327 praemis
377 4261 543 4331 ιιιανιγνιιιιι
579 4251 700 4314 consa
744 4251 803 4316 hos
828 4255 962 4338 quinque
989 4253 1108 4317 codices
1130 4253 1300 4329 Vaticanus,
