3017 4900
1090 177 1098 207 l

262 368 335 443 140
425 371 599 455 QUERCII
619 370 677 437 DE
696 369 960 437 HERACLlriDE
978 366 1193 435 MONITUM.

262 534 471 612 constitueret,
498 545 533 594 ut
554 550 595 595 ex
610 531 741 594 secunda
757 534 870 592 acroasi
885 544 968 612 patet
983 532 1166 592 clarissime:
1190 532 1232 589 ita
1247 541 1282 589 ut
1297 533 1366 590 sire

261 623 353 679 linem
365 624 463 701 operis
478 633 593 700 spectes
604 624 667 680 sive
678 630 813 679 mentem
826 621 982 678 scribentis
994 663 1002 694 ‚
1023 637 1165 697 praesens
1177 619 1366 696 poemation,

260 708 294 765 iu
315 725 374 787 quo
396 708 528 766 Heraclii
549 708 611 765 rita
631 708 819 777 accomcscie
837 708 1020 779 continetur,
1056 704 1266 783 qualecunque
1285 700 1369 759 illud

261 790 385 850 tandem
400 794 455 868 sit,
481 810 544 851 non
556 793 706 851 immerito
715 789 919 849 Heraclmdos
931 791 1019 847 titulo
1031 789 1219 867 praefulgeat
1233 789 1369 865 insigni·

261 886 337 935 tum.
382 888 515 937 ceterum
534 894 573 935 ne
596 878 668 935 satis
688 873 814 955 quidem
829 874 966 934 distincte
981 884 1012 933 et
1026 875 1199 946 enucleate,
1231 892 1310 953 quoe
1327 872 1371 930 ad

262 960 380 1019 cladem
394 964 493 1041 ipsum
506 981 672 1041 necemque
687 960 838 1019 Chosroae
852 969 1007 1039 spectant,
1027 960 1116 1017 nobis
1131 969 1249 1017 enarrat
1262 965 1370 1036 poeta,

262 1049 400 1125 quemvis
419 1066 481 1107 non
502 1048 562 1107 alio
581 1048 683 1105 forsan
704 1044 796 1105 modo
810 1044 885 1103 baec
899 1048 965 1124 ipsa
977 1054 1157 1123 pertractare
1169 1047 1198 1102 ei
1214 1046 1369 1121 integrum

263 1132 333 1189 fuit.
375 1152 438 1191 non
452 1134 534 1190 enim
550 1132 603 1189 ille
617 1130 766 1190 secrmdee
780 1141 815 1189 ut
830 1133 946 1209 primae
958 1128 1160 1209 expeditionis
1175 1129 1212 1187 ab
1226 1130 1370 1187 Heraclio

265 1226 435 1294 assumptus
451 1236 551 1275 comes
566 1227 629 1291 est,
655 1236 713 1275 nec
733 1218 805 1275 satis
826 1218 944 1294 patiens
961 1234 1065 1273 morae
1082 1214 1158 1287 fuit,
1187 1225 1223 1272 ut
1235 1213 1371 1273 reditum

263 1302 452 1380 imperatoris
471 1311 667 1380 exspectaret,
690 1320 708 1358 a
725 1320 785 1381 quo
801 1310 836 1357 ut
850 1312 933 1358 actae
947 1320 995 1357 res
1009 1310 1108 1358 essent
1119 1301 1209 1358 facile
1222 1304 1371 1378 potuisset

264 1383 438 1459 addiscere;
468 1384 522 1445 sed
541 1398 575 1445 ut
593 1389 727 1465 primum
746 1388 889 1443 nuntium
911 1384 949 1442 de
964 1382 1114 1444 chosroae
1132 1395 1228 1445 morte
1248 1386 1372 1463 cpolim

265 1468 400 1529 adlatum
417 1480 472 1545 est,
493 1474 594 1530 statim
610 1474 727 1549 ingenti
742 1472 858 1529 laetitia
870 1471 1010 1549 perfusus
1026 1480 1056 1527 et
1066 1472 1184 1549 poietico
1197 1471 1297 1529 furore
1310 1470 1372 1527 ab·

265 1566 368 1635 septus
383 1554 438 1615 hos
449 1557 576 1631 iambos,
592 1567 626 1615 ut
639 1555 768 1630 ridetur,
790 1554 879 1629 fudit,
901 1556 1027 1615 fortasse
1040 1558 1132 1613 ctiam
1145 1553 1186 1614 ad
1196 1556 1371 1615 Heraclium

265 1644 358 1714 misit,
380 1652 414 1699 ut
428 1644 457 1699 ei
471 1661 531 1721 qua
544 1651 660 1720 poterut
675 1644 790 1699 ratione
806 1640 928 1699 obviam
940 1644 1008 1713 iret,
1024 1650 1054 1698 et
1067 1659 1121 1719 pro
1135 1661 1168 1699 re
1181 1652 1245 1700 tam
1258 1660 1372 1719 magna

267 1737 299 1784 et
314 1737 378 1785 tam
392 1728 520 1785 feliciter
534 1738 618 1805 gesta
632 1746 692 1785 uon
706 1727 831 1784 ultimus
844 1728 957 1783 civium
969 1726 1179 1813 gratularetur.
1202 1726 1282 1806 quod
1296 1727 1370 1806 qui-

268 1808 339 1868 dem
356 1831 396 1867 ex
415 1814 452 1869 iis
469 1829 546 1891 quae
560 1814 702 1890 leguntur
716 1813 750 1867 in
764 1810 824 1869 fine
838 1814 954 1889 primae
967 1830 1123 1870 acroaseos
1139 1812 1279 1890 colligere
1290 1809 1371 1869 mibi

268 1893 373 1953 videor
387 1913 493 1974 posse:
515 1897 559 1954 ibi
573 1900 655 1955 enim
669 1894 779 1955 dubius
793 1908 823 1954 et
834 1894 961 1955 haerens
974 1893 1050 1977 quid
1063 1898 1206 1976 primunr,
1228 1895 1302 1978 quid
1313 1895 1374 1954 de·

268 1978 341 2037 iude
356 1978 477 2055 diceret,
492 2000 594 2039 rerum
607 2000 732 2039 numero
750 1991 781 2038 et
794 1979 927 2059 pondere
940 1982 1064 2041 obrutos
1078 1992 1109 2039 et
1122 2002 1243 2060 pressus
1254 2003 1270 2040 a
1281 2002 1374 2061 prae-

268 2065 318 2123 liis
334 2062 537 2123 describendis
551 2067 608 2125 sibi
623 2068 656 2123 in
670 2068 840 2143 praesentia
853 2064 1065 2125 abstinendum
1077 2086 1143 2127 esse
1156 2066 1297 2142 deceruit,
1315 2087 1374 2126 us-

271 2148 404 2229 quedum
424 2151 586 2229 imperator
597 2152 779 2228 Byzantium
801 2170 939 2210 reversus
960 2172 1026 2210 rem
1045 2172 1168 2212 omnem
1189 2152 1308 2227 ordine,
1336 2164 1375 2212 ut

270 2235 386 2293 fuctum
401 2244 488 2309 esset,
512 2237 656 2314 operiret,
679 2246 709 2293 et
723 2234 948 2314 impedimentis
963 2236 1004 2295 ad
1016 2236 1203 2317 loquendum
1214 2242 1376 2297 summotis

272 2322 389 2379 animos
404 2323 515 2379 civium
528 2319 567 2379 ad
581 2319 773 2379 scribendum
786 2323 947 2394 excitaret,
970 2342 1001 2381 v.
1016 2326 1089 2386 288.
1132 2334 1223 2403 atque
1238 2323 1310 2382 inde
1325 2334 1375 2382 et-

271 2406 352 2481 iam,
375 2416 523 2486 quantum
535 2410 704 2466 coniectura
719 2408 864 2487 consequi
875 2425 1017 2488 possum,
1038 2406 1142 2468 Pisida
1155 2408 1194 2468 dc
1211 2406 1269 2469 boc
1282 2428 1377 2488 argu-

271 2501 374 2548 mento
386 2493 506 2570 plenius
520 2503 551 2550 et
561 2495 671 2552 melius
681 2493 891 2572 pertractando
905 2496 968 2552 iam
980 2504 1053 2552 tunc
1066 2493 1196 2568 videtur,
1218 2515 1288 2554 cum
1299 2495 1378 2554 haec

272 2577 424 2650 scriberet,
447 2580 603 2656 cogitasse.
647 2588 677 2635 at
691 2581 718 2636 si
734 2581 892 2656 cogitavit,
913 2581 947 2636 in
959 2577 1044 2638 aliud
1056 2580 1243 2640 commodius
1255 2592 1379 2660 tempus

272 2681 337 2720 rem
356 2672 435 2720 certe
456 2661 582 2720 distulit.
625 2665 806 2740 praestiterit
826 2674 929 2722 autem
948 2684 1044 2722 necne
1062 2663 1145 2744 quod
1166 2669 1199 2723 in
1222 2669 1323 2726 animo
1346 2670 1377 2724 ei

273 2745 386 2804 sedisse
401 2748 536 2818 conficio,
555 2765 617 2804 nou
633 2750 729 2805 ausim
743 2746 921 2822 adfirmare3
945 2753 1082 2828 quemvis
1096 2755 1278 2830 praestitisse
1294 2753 1376 2810 arbi-

272 2841 345 2904 tror,
368 2841 398 2888 et
413 2833 485 2910 quie
499 2829 586 2909 plura
601 2841 670 2889 sunt
685 2833 864 2910 fragmenta,
887 2852 965 2913 quae
979 2832 1050 2892 huic
1063 2848 1238 2915 argumento
1253 2836 1377 2918 quidem

275 2919 470 2990 conveniunt,
503 2913 559 2974 sed
580 2935 657 2996 quae
677 2915 716 2976 ad
737 2915 796 2977 hoo
816 2923 989 2997 poemation
1009 2921 1120 2980 referre
1133 2926 1205 2981 satis
1220 2922 1378 2981 commode

195 3080 200 3088 .
276 3020 337 3059 non
350 3003 457 3080 possis.
502 3004 586 3060 ouius
609 3004 652 3060 rei
672 3023 778 3061 eorum
796 3014 860 3062 esto
881 3003 1047 3079 iudicium,
1076 3025 1151 3089 quos
1171 3007 1290 3066 Pisidae
1313 3009 1379 3066 fra-

275 3097 397 3164 gmenta
413 3085 453 3144 ad
467 3087 579 3144 calcem
595 3090 693 3164 operis
714 3091 747 3146 in
763 3106 860 3148 unum
875 3091 992 3148 anobis
1007 3102 1191 3169 comportata
1202 3095 1335 3152 conferi-e
1346 3105 1379 3151 et

275 3170 448 3250 expendere
461 3190 523 3229 nou
536 3173 660 3250 pigebit.
705 3185 820 3232 certum
833 3177 941 3252 igitur,
971 3174 1151 3257 firmumque
1171 3180 1211 3235 sit
1229 3180 1379 3258 epinicion

276 3259 377 3333 potius
400 3275 492 3337 quam
510 3263 618 3336 poema
640 3254 724 3316 hisce
746 3257 863 3319 duabsu
884 3261 1054 3318 acroasibus
1077 3264 1232 3322 contineri.
1275 3283 1323 3322 res
1347 3273 1380 3320 et

276 3349 397 3417 ternpus
409 3340 568 3400 nobiscum
578 3343 704 3400 faciunt.
747 3362 820 3401 nam
840 3355 1050 3424 praeterquam
1068 3346 1151 3425 quod
1168 3350 1211 3406 ita
1224 3347 1380 3407 exorditur

277 3423 379 3481 Pisida
393 3435 426 3481 ut
442 3423 591 3501 hymnum
606 3429 762 3486 existimes
782 3447 906 3505 canere,
935 3431 1043 3489 leviter
1059 3429 1224 3490 admodum
1241 3453 1276 3491 aa
1299 3451 1380 3512 quae

278 3506 318 3565 sd
338 3507 540 3586 expeditionis
561 3507 685 3568 ducem
706 3521 736 3568 ee
757 3515 875 3572 exitum
889 3525 1026 3594 spectant
1041 3521 1138 3594 tangit
1152 3528 1182 3576 et
1194 3521 1227 3574 in
1241 3522 1378 3591 musico,

278 3602 375 3652 totum
395 3603 498 3650 autem
516 3613 549 3652 se
570 3595 603 3652 iu
621 3597 754 3654 Heraclii
773 3600 883 3675 pietate
909 3598 1148 3660 commendanda
1171 3601 1314 3674 effundit3
1345 3622 1380 3661 ac

280 3677 354 3738 dum
367 3681 400 3736 in
413 3697 449 3736 eo
466 3697 531 3736 esse
545 3677 642 3738 credis
654 3691 687 3740 ut
700 3681 818 3760 aliquid
831 3682 869 3741 de
882 3704 915 3742 re
930 3689 1083 3764 proposita
1100 3685 1198 3762 dicat,
1221 3690 1308 3768 quasi
1324 3689 1380 3745 ab·

279 3766 414 3824 sterritus
426 3761 546 3821 ridetur
561 3766 685 3840 resilire,
708 3777 739 3826 et
751 3770 783 3825 iu
796 3771 835 3828 iis
848 3788 926 3848 quae
944 3781 1014 3828 anta
1025 3781 1193 3850 susceptam
1209 3771 1381 3852 expeditio-

279 3867 350 3906 nem
363 3850 493 3929 gloriose
507 3849 619 3906 l'ecerat
631 3853 795 3930 imperator
808 3853 982 3912 enarrandis
996 3860 1165 3935 pervagari.
1197 3861 1263 3938 ipse
1279 3868 1380 3918 autam

284 3937 367 3993 testis
381 3946 426 3994 est
440 3933 579 4008 disertus,
602 3933 705 3994 dicam
720 3935 851 3996 Acroce.
869 3940 887 4000 1
910 3942 991 4002 240:

444 4015 526 4099 ’ὅμως
547 4015 687 4092 deicidae
707 4017 920 4106 ῥιψοκινδόνφ
938 4018 1048 4103 θράσει

445 4100 499 4166 τὸν
511 4110 604 4181 νοῦν,
631 4100 681 4168 ἐπ’
696 4101 798 4169 udicis
811 4103 944 4189 νήχομαι
953 4113 1015 4170 suiv
1028 4105 1220 4190 πραγμάτων.

279 4188 326 4244 'ita
342 4196 443 4277 autem
459 4185 493 4244 id
507 4189 622 4247 iactum
639 4201 699 4264 est,
728 4195 800 4270 quia
813 4192 885 4252 huic
899 4197 982 4273 operi
994 4213 1120 4253 manum
1134 4200 1225 4256 nimis
1238 4197 1385 4256 sollicitus

284 4271 428 4346 admovit,
451 4271 581 4346 scilicet,
603 4285 636 4331 ut
651 4293 719 4332 mea
734 4277 794 4336 fert
807 4281 924 4357 opinio,
947 4279 1051 4357 paullo
1066 4291 1240 4361 postquam
1256 4276 1388 4362 cismai-

286 4364 407 4438 σθησαυ
428 4353 510 4438 (utar
526 4361 608 4417 euim
625 4361 725 4420 verbis
739 4360 880 4424 Chronici
893 4362 1049 4425 Paschalis
1062 4385 1098 4443 p.
1117 4366 1195 4445 727)
1213 4362 1389 4450 decepisses
