3017 4900
296 326 369 398 110
757 307 928 391 curavit
1056 375 1061 384 .

293 493 449 566 dtsssoiv'oc
467 485 503 554 δ’.
546 507 624 572 quae
647 497 799 570 postrema
819 488 911 548 verba
927 478 1127 564 ’Iodmsoi'soc
1144 483 1172 552 d'
1188 487 1394 548 coniectum

293 589 426 638 nostram
447 577 606 634 affirmant.
662 573 716 634 sed
739 573 793 633 ille
816 576 909 634 feriae
932 572 1086 633 character
1105 594 1136 654 p.
1154 577 1232 649 882,
1265 593 1332 654 quo
1352 577 1393 638 28
1454 542 1455 613 l

294 664 428 724 Octobris
445 663 522 720 feria
539 665 560 724 7
578 669 713 735 notatur,
736 679 805 718 cnm
816 663 856 718 sit
868 663 1025 740 perspicue
1039 661 1152 734 salsus,
1173 662 1264 718 unius
1286 661 1392 717 literae

288 751 454 808 mutatione
470 749 658 821 restituetur,
680 747 705 806 si
716 765 771 824 pro
784 739 832 826 κη’
844 742 894 826 ιη’,
914 744 973 806 hoc
989 755 1035 804 est
1051 747 1109 820 18,
1130 745 1289 804 scribatur.
1322 764 1393 802 nam
1454 722 1456 821 l

292 853 320 892 a.
336 834 368 891 c.
382 831 443 896 616
458 831 525 891 lnd.
543 832 564 897 4
578 834 641 890 iam
653 828 794 890 inchoata
806 851 866 890 nna
879 851 949 890 cnm
963 832 1096 890 Heraclii
1108 834 1138 906 6,
1160 831 1263 909 cyclus
1275 831 1354 889 solis
1364 831 1392 901 8,

291 921 337 980 lit.
363 916 445 976 dom.
467 921 511 976 E:
532 913 602 976 ideo
627 916 762 976 Octobris
785 919 825 980 18
846 918 921 975 feria
941 921 972 982 7.
1014 913 1184 975 chronicon
1202 926 1310 972 autem
1326 933 1392 972 cum

291 1005 434 1085 reliquias
450 1003 714 1082 Hierosolymitani
734 1001 846 1060 excidii
867 1001 975 1062 eodem
991 1003 1132 1060 orationis
1147 1001 1198 1059 fiio
1208 1011 1392 1079 pertexeret,

290 1107 352 1148 non
369 1107 491 1148 necesse
504 1087 609 1146 habuit
624 1107 721 1146 norae
736 1086 911 1147 Indictionis
925 1089 1058 1167 annique
1075 1087 1164 1145 titulo
1183 1097 1252 1143 eam
1270 1086 1393 1143 abrum-

289 1195 373 1254 pere.
416 1173 470 1232 sed
491 1193 560 1232 cum
582 1171 666 1232 idem
687 1173 871 1252 Septembris
891 1169 931 1236 14
954 1171 1121 1232 Indictione
1143 1169 1243 1229 adhuc
1260 1175 1281 1235 8
1300 1181 1391 1242 notat,

290 1261 381 1338 plane
407 1258 581 1318 Indictiouis
606 1261 727 1316 initium
748 1278 811 1317 non
830 1277 847 1315 a
869 1255 932 1316 kal.
954 1259 1057 1338 Sept.,
1089 1267 1124 1315 ut
1143 1257 1284 1335 Scaliger
1309 1258 1334 1314 l.
1357 1253 1393 1312 de

289 1341 419 1402 Emend.
442 1342 462 1407 5
486 1353 605 1416 monet,
628 1340 682 1402 sed
707 1361 726 1400 a
748 1340 791 1406 24
811 1340 908 1400 ducitz
930 1345 1045 1424 alioqui
1067 1336 1210 1423 τετάρτης
1228 1339 1391 1400 dicendum
1454 1296 1456 1425 l

289 1429 358 1489 fuit.
402 1427 546 1510 quicquid
573 1429 630 1503 sit,
660 1437 775 1486 certum
796 1438 842 1487 est
861 1430 1070 1508 Hierosolyma
1095 1439 1182 1507 capta
1205 1445 1232 1485 a.
1260 1428 1297 1485 c·
1321 1426 1391 1500 615,

290 1513 398 1575 indict.
416 1519 445 1587 8,
469 1533 547 1573 anno
560 1515 691 1572 Heraclii
703 1511 734 1575 6.
776 1513 950 1593 sigebertus
966 1512 1006 1572 ad
1016 1531 1131 1571 annum
1144 1511 1203 1571 hoc
1215 1513 1313 1571 refert
1321 1515 1391 1576 617.

290 1599 345 1660 sed
367 1597 449 1681 qnod
469 1601 626 1658 biennium
642 1596 795 1658 interdum
809 1596 919 1658 addere
929 1599 1021 1676 solet,
1043 1617 1139 1657 annus
1155 1600 1220 1657 eius
1236 1601 1280 1662 17
1294 1607 1393 1656 noster

291 1687 405 1750 est15.

375 1791 406 1851 p.
421 1771 461 1835 17
472 1790 502 1829 v.
515 1773 547 1834 9.
587 1762 956 1851 ·Zoipssupourfyusipeuoo]
978 1787 997 1825 a
1009 1768 1137 1828 Sarbaro
1153 1777 1276 1848 captam
1289 1769 1391 1827 ιιὼειιι

266 1865 271 1874 “
289 1857 377 1916 illam
397 1875 462 1915 esse
478 1858 625 1916 consentit
638 1865 668 1914 et
679 1851 789 1914 chron.
803 1855 911 1934 Alex„
934 1857 1055 1915 tametu
1071 1852 1105 1913 id
1121 1855 1279 1914 aninmo
1294 1857 1391 1915 Leon-

289 1945 349 2002 tius
363 1942 482 2018 tribuit,
504 1953 538 2000 nt
556 1953 643 2001 antea
656 1943 839 2000 notavimus.

375 2025 417 2084 ib.
434 2047 464 2084 v.
483 2030 532 2088 11.
574 2025 757 2104 Μοὸέστου]
776 2029 839 2085 imu
860 2022 1024 2100 Zacharia,
1051 2033 1087 2082 ut
1108 2021 1261 2084 cedrenus
1287 2022 1391 2085 Theo-

289 2108 405 2191 phanes
423 2109 536 2190 aliiqne
552 2129 657 2168 omnes
671 2121 819 2171 asserunt.
852 2108 890 2169 de
905 2130 965 2192 qua
978 2131 1010 2169 re
1023 2110 1114 2190 paulo
1131 2121 1200 2190 post
1213 2129 1354 2189 agemus.

375 2193 416 2252 ib.
440 2215 471 2254 v.
496 2196 547 2258 13.
591 2185 684 2258 dcclv
701 2189 892 2276 Ἡράκλειος]
921 2198 1019 2276 prima
1046 2194 1122 2253 haec
1142 2206 1188 2255 est
1207 2199 1345 2255 Heraclii
1362 2197 1390 2252 iu

290 2282 443 2341 Orientem
456 2277 625 2359 expeditio;
644 2281 727 2340 cuius
740 2291 855 2338 certum
870 2299 984 2339 annum
1001 2279 1125 2339 definire
1138 2285 1388 2361 operaepretium

291 2378 336 2426 est
356 2365 395 2425 ad
411 2368 542 2425 Heraclii
559 2364 726 2426 historiam.
770 2364 924 2426 cedrenus
943 2385 979 2424 ec
996 2364 1200 2446 Theophanes
1216 2387 1245 2425 a.
1260 2367 1388 2426 Heraclii

291 2455 333 2516 11
364 2463 579 2533 transportatus
610 2454 761 2513 aiunt'ex
782 2454 903 2533 Europa
926 2454 960 2511 in
980 2454 1088 2512 Asiam
1108 2457 1268 2513 exercitus.
1317 2470 1387 2512 anuo

291 2536 402 2597 deinde
415 2540 567 2619 sequenti,
588 2536 647 2597 hoc
661 2548 707 2598 est
720 2540 853 2598 Heraclii
866 2541 921 2615 12,
942 2540 1091 2597 celebrato
1103 2537 1261 2618 paschate,
1281 2540 1388 2619 postri-

291 2622 341 2681 die
356 2626 411 2683 sub
427 2642 584 2703 vesperam
606 2635 709 2683 contra
722 2627 830 2684 Persas
844 2625 1029 2705 proiectum,
1050 2625 1154 2683 relicta
1166 2627 1252 2683 Bono
1268 2624 1388 2703 patricio

290 2718 321 2766 et
335 2708 440 2787 Sergio
454 2704 641 2787 patriarchae
655 2710 830 2788 cpolitanae
842 2710 925 2769 urbis
937 2707 1082 2769 custodia.
1117 2720 1148 2765 et
1160 2708 1285 2787 quidem
1297 2726 1388 2766 annus

289 2794 343 2851 ille
365 2792 479 2870 duplici
500 2790 669 2851 charactere
688 2804 808 2850 notatus
828 2804 883 2851 est.
926 2796 1044 2871 primus
1058 2800 1105 2850 cst
1118 2790 1200 2870 apud
1213 2790 1388 2866 cedrenum,

290 2880 344 2957 qui
357 2895 384 2935 a.
400 2876 531 2934 Heraclii
547 2876 587 2937 12
600 2874 684 2954 Sept.
700 2879 719 2939 8
734 2876 842 2933 feriam
856 2875 876 2938 5
894 2877 936 2934 ait
947 2877 1059 2952 fuisse,
1081 2894 1142 2956 quc
1157 2874 1208 2938 die
1220 2877 1387 2957 Stephanus

289 2959 413 3043 quidam
436 2958 662 3020 Alexandrinus
684 2958 722 3018 de
743 2961 962 3020 Saracenorum
983 2964 1112 3041 imperio
1133 2965 1282 3021 nonnulla
1303 2984 1387 3045 prae-

292 3048 381 3107 dixit.
414 3048 490 3106 alter
505 3044 587 3125 apud
598 3043 821 3126 Theophanem
831 3050 980 3125 reperitur
989 3045 1097 3105 eodem
1109 3066 1189 3107 anno
1198 3050 1334 3107 Heraclii
1345 3052 1386 3122 12,

291 3154 361 3193 cum
377 3136 436 3191 ait:
458 3127 555 3217 τούτῳ
569 3134 610 3192 roi
622 3130 680 3193 ἔτει
694 3130 769 3213 μηνὶ
778 3126 938 3216 Ἀπριλλίῳ
953 3128 989 3207 δ’,
1007 3126 1077 3195 'toa
1090 3126 1127 3213 γ’,
1147 3134 1267 3209 τελέσας
1280 3133 1297 3197 ὁ
1309 3137 1386 3216 βασι-

289 3214 362 3293 tria
375 3213 547 3301 Ἡράκλειος
560 3192 618 3296 salv
632 3213 741 3299 ἑορτὴν
757 3220 815 3280 τοῦ
827 3210 930 3297 πάσχα
945 3210 1062 3291 εὐθέως
1073 3223 1112 3301 τῇ
1126 3218 1251 3305 δευτέρᾳ
1267 3218 1386 3298 ἑσπέρας

288 3303 408 3383 ieiunus
433 3299 509 3365 sord
533 3302 690 3381 Περσίδος.
732 3303 847 3382 Aprili,
868 3305 981 3384 inquit,
1001 3322 1123 3379 meuse,
1146 3302 1196 3363 die
1217 3307 1254 3381 4,
1277 3302 1383 3384 pascha

288 3390 358 3447 fnit.
401 3386 455 3448 sed
476 3385 559 3469 quod
578 3390 610 3445 in
627 3397 729 3447 nostro
752 3386 855 3447 codice
873 3400 919 3447 est
935 3383 1003 3453 Ίνὸ.
1021 3384 1059 3472 γ’,
1079 3390 1189 3449 melius
1205 3392 1239 3448 in
1253 3390 1384 3451 Miscella

285 3470 357 3533 lod.
374 3476 425 3537 10.
457 3470 539 3531 hunc
551 3490 664 3529 aunum
679 3471 790 3532 Christi
803 3476 864 3538 621
880 3476 1045 3534 Annalium
1059 3484 1163 3535 auctor
1173 3476 1285 3556 aliique
1297 3477 1396 3554 rnlgc

289 3557 465 3637 chronologi
481 3567 657 3631 numerant,
679 3569 710 3617 et
730 3557 854 3640 quidem
876 3560 929 3619 iiie
950 3558 1060 3621 Indict.
1074 3563 1114 3637 9,
1136 3580 1165 3620 a.
1187 3562 1321 3622 Heraclii
1338 3564 1382 3625 12.

288 3654 395 3705 venusi
417 3664 486 3702 cum
508 3662 604 3701 annuas
622 3644 754 3702 Heraclii
772 3648 810 3709 11
828 3664 898 3704 cum
915 3644 1058 3712 Indicb9
1074 3648 1206 3725 coeperit
1219 3666 1248 3705 a.
1266 3645 1299 3707 d.
1317 3648 1381 3719 620,

288 3748 369 3789 anno
385 3732 442 3793 621
462 3748 532 3789 cum
547 3726 654 3787 indict.
671 3731 712 3793 10
731 3728 889 3791 inchoatus
903 3741 949 3791 est
971 3736 1021 3797 12.
1065 3752 1158 3814 quare
1179 3751 1243 3791 non
1265 3737 1307 3796 12
1327 3733 1381 3790 He·
1454 3743 1455 3748 ’

289 3814 390 3888 raclii,
419 3814 475 3873 sed
509 3819 547 3879 11
577 3817 717 3873 convenit
742 3812 856 3895 pascha
882 3818 954 3876 anui
981 3822 1056 3883 621.
1108 3822 1172 3877 iam
1200 3838 1229 3877 a.
1256 3817 1291 3876 c.
1316 3817 1380 3887 621,
1454 3829 1456 3842 ·

289 3899 374 3981 cyclo
392 3898 536 3974 solis14,
559 3900 605 3959 lit.
621 3898 702 3959 dom.
719 3902 767 3976 1),
787 3902 873 3981 Sept.
890 3906 911 3966 8
930 3903 1007 3962 feria
1023 3904 1059 3981 5,
1081 3905 1135 3983 qui
1152 3914 1216 3962 erat
1233 3922 1313 3962 anuo
1325 3905 1381 3960 He

289 3986 374 4045 raclii
385 4002 448 4041 non
463 3990 512 4058 12,
525 3984 580 4043 sed
593 3986 644 4049 11.
686 3985 795 4046 eodem
808 4007 886 4047 anno
900 3988 978 4068 cycli
988 3987 1139 4071 paschalis
1153 3999 1323 4047 eratanuus
1339 3982 1379 4058 11,
1454 4011 1456 4024 ·

286 4070 476 4131 novilunium
501 4070 643 4148 paschale
665 4076 685 4137 8
706 4069 770 4133 kal.
792 4076 882 4153 Apr.,
903 4078 1049 4135 tenuinus
1063 4071 1215 4154 paschalis
1230 4071 1310 4153 prid.
1327 4068 1380 4129 eid.

286 4160 372 4237 Apr.,
395 4153 557 4216 dominica.
598 4154 668 4215 ideo
682 4156 897 4219 diffundendus
911 4157 977 4221 dies
990 4164 1023 4219 in
1036 4163 1077 4238 18
1089 4158 1152 4219 kal.
1167 4162 1275 4218 Maias.
1317 4174 1379 4235 ergo

289 4243 329 4305 19
347 4246 422 4321 Apr.
449 4238 563 4321 pascha
582 4242 778 4303 celebratum.
820 4256 851 4303 at
868 4243 889 4308 1
908 4242 959 4303 die
980 4246 1138 4306 sabbatum
1151 4246 1220 4304 fuit.
1261 4240 1380 4302 idemet

288 4345 329 4385 ex
340 4330 469 4389 Maximi
483 4325 625 4389 monachi
640 4340 781 4411 computo
794 4332 935 4411 colliges,
957 4350 1051 4416 quem
1064 4335 1103 4395 iis
1116 4330 1301 4413 temporib&
1313 4328 1380 4391 ani·
1454 4396 1456 4432 ,
