<?xml version="1.0" encoding="UTF-8"?>
<!DOCTYPE html PUBLIC "-//W3C//DTD XHTML 1.0 Transitional//EN"
    "http://www.w3.org/TR/xhtml1/DTD/xhtml1-transitional.dtd">
<html xmlns="http://www.w3.org/1999/xhtml" xml:lang="en" lang="en">
 <head>
  <title>
</title>
<meta http-equiv="Content-Type" content="text/html;charset=utf-8" />
  <meta name='ocr-system' content='tesseract 3.04.00' />
  <meta name='ocr-capabilities' content='ocr_page ocr_carea ocr_par ocr_line ocrx_word'/>
</head>
<body>
  <div class='ocr_page' id='page_1' title='image "./corpusscriptoru02unkngoog_0550.png"; bbox 0 0 3017 4900; ppageno 0'>
   <div class='ocr_carea' id='block_1_1' title="bbox 405 273 1226 352">
    <p class='ocr_par' dir='ltr' id='par_1_1' title="bbox 405 273 1226 352">
     <span class='ocr_line' id='line_1_1' title="bbox 405 273 1226 352; baseline 0.01 -10"><span class='ocrx_word' id='word_1_1' title='bbox 405 274 460 342; x_wconf 80' lang='lat' dir='ltr'><strong>tn</strong></span> <span class='ocrx_word' id='word_1_2' title='bbox 484 273 766 346; x_wconf 73' lang='lat' dir='ltr'><strong>Nlcuruoauu</strong></span> <span class='ocrx_word' id='word_1_3' title='bbox 789 276 944 347; x_wconf 77' lang='lat' dir='ltr'><strong>NOTAE.</strong></span> <span class='ocrx_word' id='word_1_4' title='bbox 1152 279 1226 352; x_wconf 79' lang='lat'><strong>119</strong></span> 
     </span>
    </p>
   </div>
   <div class='ocr_carea' id='block_1_2' title="bbox 19 435 1225 2233">
    <p class='ocr_par' dir='ltr' id='par_1_2' title="bbox 93 435 1225 1550">
     <span class='ocr_line' id='line_1_2' title="bbox 93 435 1225 526; baseline 0.007 -28"><span class='ocrx_word' id='word_1_5' title='bbox 93 459 191 501; x_wconf 76' lang='lat' dir='ltr'><strong>vero</strong></span> <span class='ocrx_word' id='word_1_6' title='bbox 212 435 422 526; x_wconf 74' lang='lat' dir='ltr'><strong>corrigendum</strong></span> <span class='ocrx_word' id='word_1_7' title='bbox 436 459 539 502; x_wconf 85' lang='lat' dir='ltr'><strong>rursus</strong></span> <span class='ocrx_word' id='word_1_8' title='bbox 551 437 731 517; x_wconf 75' lang='grc'>1110001000,</span> <span class='ocrx_word' id='word_1_9' title='bbox 753 439 828 502; x_wconf 87' lang='lat' dir='ltr'><strong>dum</strong></span> <span class='ocrx_word' id='word_1_10' title='bbox 845 437 966 502; x_wconf 79' lang='lat' dir='ltr'><strong>Phocoe</strong></span> <span class='ocrx_word' id='word_1_11' title='bbox 981 443 1012 520; x_wconf 80' lang='lat'><strong>5,</strong></span> <span class='ocrx_word' id='word_1_12' title='bbox 1029 462 1091 526; x_wconf 83' lang='lat' dir='ltr'><strong>quo</strong></span> <span class='ocrx_word' id='word_1_13' title='bbox 1108 453 1225 506; x_wconf 72' lang='lat' dir='ltr'><strong>croam</strong></span> 
     </span>
     <span class='ocr_line' id='line_1_3' title="bbox 99 523 1225 612; baseline 0.006 -29"><span class='ocrx_word' id='word_1_14' title='bbox 99 537 159 584; x_wconf 81' lang='lat' dir='ltr'><strong>est</strong></span> <span class='ocrx_word' id='word_1_15' title='bbox 175 525 328 601; x_wconf 84' lang='lat' dir='ltr'><strong>Thomas,</strong></span> <span class='ocrx_word' id='word_1_16' title='bbox 347 523 414 589; x_wconf 89' lang='lat' dir='ltr'><strong>Iud.</strong></span> <span class='ocrx_word' id='word_1_17' title='bbox 436 527 486 602; x_wconf 90' lang='grc'><strong>10,</strong></span> <span class='ocrx_word' id='word_1_18' title='bbox 506 538 591 588; x_wconf 86' lang='lat' dir='ltr'><strong>notat</strong></span> <span class='ocrx_word' id='word_1_19' title='bbox 605 537 674 608; x_wconf 90' lang='lat' dir='ltr'><strong>post</strong></span> <span class='ocrx_word' id='word_1_20' title='bbox 687 529 876 606; x_wconf 78' lang='lat' dir='ltr'><strong>completum</strong></span> <span class='ocrx_word' id='word_1_21' title='bbox 887 525 1007 589; x_wconf 84' lang='lat' dir='ltr'><strong>Phocea</strong></span> <span class='ocrx_word' id='word_1_22' title='bbox 1020 535 1052 606; x_wconf 79' lang='lat'><strong>8,</strong></span> <span class='ocrx_word' id='word_1_23' title='bbox 1072 529 1225 612; x_wconf 75' lang='lat' dir='ltr'>siquidem</span> 
     </span>
     <span class='ocr_line' id='line_1_4' title="bbox 100 609 1225 692; baseline 0.005 -23"><span class='ocrx_word' id='word_1_24' title='bbox 100 609 243 671; x_wconf 86' lang='lat' dir='ltr'><strong>Phocoe</strong></span> <span class='ocrx_word' id='word_1_25' title='bbox 260 615 375 691; x_wconf 84' lang='lat' dir='ltr'><strong>primus</strong></span> <span class='ocrx_word' id='word_1_26' title='bbox 386 609 555 687; x_wconf 87' lang='lat' dir='ltr'><strong>inchoatur,</strong></span> <span class='ocrx_word' id='word_1_27' title='bbox 578 633 619 672; x_wconf 83' lang='lat' dir='ltr'><strong>ex</strong></span> <span class='ocrx_word' id='word_1_28' title='bbox 634 610 742 672; x_wconf 82' lang='lat' dir='ltr'><strong>eodem</strong></span> <span class='ocrx_word' id='word_1_29' title='bbox 757 612 915 689; x_wconf 83' lang='lat' dir='ltr'><strong>Chronico,</strong></span> <span class='ocrx_word' id='word_1_30' title='bbox 936 613 1045 674; x_wconf 89' lang='lat' dir='ltr'><strong>Indict.</strong></span> <span class='ocrx_word' id='word_1_31' title='bbox 1061 618 1091 692; x_wconf 89' lang='lat'><strong>6,</strong></span> <span class='ocrx_word' id='word_1_32' title='bbox 1111 617 1225 678; x_wconf 86' lang='lat' dir='ltr'><strong>Norbr.</strong></span> 
     </span>
     <span class='ocr_line' id='line_1_5' title="bbox 103 694 1224 782; baseline 0.004 -24"><span class='ocrx_word' id='word_1_33' title='bbox 103 697 169 772; x_wconf 87' lang='grc'><strong>26,</strong></span> <span class='ocrx_word' id='word_1_34' title='bbox 197 694 365 770; x_wconf 62' lang='lat' dir='ltr'><strong>domnica,</strong></span> <span class='ocrx_word' id='word_1_35' title='bbox 388 717 459 756; x_wconf 87' lang='lat' dir='ltr'><strong>cum</strong></span> <span class='ocrx_word' id='word_1_36' title='bbox 473 695 523 758; x_wconf 85' lang='lat' dir='ltr'><strong>dio</strong></span> <span class='ocrx_word' id='word_1_37' title='bbox 536 701 598 773; x_wconf 85' lang='grc'><strong>23,</strong></span> <span class='ocrx_word' id='word_1_38' title='bbox 619 697 728 762; x_wconf 77' lang='lat' dir='ltr'><strong>feriati</strong></span> <span class='ocrx_word' id='word_1_39' title='bbox 745 701 942 778; x_wconf 84' lang='lat' dir='ltr'><strong>inauguratus</strong></span> <span class='ocrx_word' id='word_1_40' title='bbox 956 711 1035 760; x_wconf 86' lang='lat' dir='ltr'><strong>esset</strong></span> <span class='ocrx_word' id='word_1_41' title='bbox 1052 721 1070 760; x_wconf 88' lang='lat' dir='ltr'><strong>a</strong></span> <span class='ocrx_word' id='word_1_42' title='bbox 1086 702 1224 782; x_wconf 76' lang='lat' dir='ltr'><strong>Cyriaco.</strong></span> 
     </span>
     <span class='ocr_line' id='line_1_6' title="bbox 105 781 1224 864; baseline 0.007 -26"><span class='ocrx_word' id='word_1_43' title='bbox 105 801 219 842; x_wconf 84' lang='lat' dir='ltr'><strong>annus</strong></span> <span class='ocrx_word' id='word_1_44' title='bbox 231 793 277 842; x_wconf 88' lang='lat' dir='ltr'><strong>est</strong></span> <span class='ocrx_word' id='word_1_45' title='bbox 290 785 325 842; x_wconf 85' lang='grc'>0.</span> <span class='ocrx_word' id='word_1_46' title='bbox 341 783 415 858; x_wconf 86' lang='grc'>602,</span> <span class='ocrx_word' id='word_1_47' title='bbox 436 785 521 863; x_wconf 78' lang='lat' dir='ltr'><strong>cyclo</strong></span> <span class='ocrx_word' id='word_1_48' title='bbox 534 784 607 844; x_wconf 85' lang='lat' dir='ltr'><strong>solis</strong></span> <span class='ocrx_word' id='word_1_49' title='bbox 617 785 671 859; x_wconf 91' lang='grc'><strong>23,</strong></span> <span class='ocrx_word' id='word_1_50' title='bbox 691 784 738 844; x_wconf 87' lang='lat' dir='ltr'><strong>lit.</strong></span> <span class='ocrx_word' id='word_1_51' title='bbox 752 781 833 844; x_wconf 90' lang='lat' dir='ltr'><strong>dom.</strong></span> <span class='ocrx_word' id='word_1_52' title='bbox 849 785 887 842; x_wconf 81' lang='lat' dir='ltr'><strong>G.</strong></span> <span class='ocrx_word' id='word_1_53' title='bbox 929 785 1224 864; x_wconf 77' lang='lat' dir='ltr'><strong>an110608,1ud.6,</strong></span> 
     </span>
     <span class='ocr_line' id='line_1_7' title="bbox 105 864 1223 948; baseline 0.005 -24"><span class='ocrx_word' id='word_1_54' title='bbox 105 864 238 926; x_wconf 78' lang='lat' dir='ltr'><strong>Phocus</strong></span> <span class='ocrx_word' id='word_1_55' title='bbox 252 869 442 928; x_wconf 85' lang='lat' dir='ltr'><strong>consulatum</strong></span> <span class='ocrx_word' id='word_1_56' title='bbox 456 870 536 928; x_wconf 86' lang='lat' dir='ltr'><strong>iniit.</strong></span> <span class='ocrx_word' id='word_1_57' title='bbox 578 887 649 948; x_wconf 86' lang='lat' dir='ltr'><strong>ergo</strong></span> <span class='ocrx_word' id='word_1_58' title='bbox 663 888 742 929; x_wconf 88' lang='lat' dir='ltr'><strong>anno</strong></span> <span class='ocrx_word' id='word_1_59' title='bbox 758 868 831 945; x_wconf 87' lang='lat'><strong>604,</strong></span> <span class='ocrx_word' id='word_1_60' title='bbox 851 866 970 929; x_wconf 87' lang='lat' dir='ltr'><strong>Phocoe</strong></span> <span class='ocrx_word' id='word_1_61' title='bbox 984 873 1024 944; x_wconf 95' lang='grc'><strong>2,</strong></span> <span class='ocrx_word' id='word_1_62' title='bbox 1046 869 1112 930; x_wconf 92' lang='lat' dir='ltr'><strong>Ind.</strong></span> <span class='ocrx_word' id='word_1_63' title='bbox 1127 875 1148 936; x_wconf 89' lang='lat'><strong>8</strong></span> <span class='ocrx_word' id='word_1_64' title='bbox 1164 891 1223 930; x_wconf 91' lang='lat' dir='ltr'><strong>uu-</strong></span> 
     </span>
     <span class='ocr_line' id='line_1_8' title="bbox 105 953 1222 1034; baseline 0.005 -25"><span class='ocrx_word' id='word_1_65' title='bbox 105 955 231 1012; x_wconf 88' lang='lat' dir='ltr'><strong>merari</strong></span> <span class='ocrx_word' id='word_1_66' title='bbox 246 955 345 1034; x_wconf 86' lang='lat' dir='ltr'><strong>coepit</strong></span> <span class='ocrx_word' id='word_1_67' title='bbox 360 963 430 1034; x_wconf 92' lang='lat' dir='ltr'><strong>post</strong></span> <span class='ocrx_word' id='word_1_68' title='bbox 446 955 512 1016; x_wconf 86' lang='lat' dir='ltr'><strong>eius</strong></span> <span class='ocrx_word' id='word_1_69' title='bbox 529 955 717 1014; x_wconf 82' lang='lat' dir='ltr'><strong>consulatum</strong></span> <span class='ocrx_word' id='word_1_70' title='bbox 736 957 766 1017; x_wconf 93' lang='lat'><strong>1.</strong></span> <span class='ocrx_word' id='word_1_71' title='bbox 808 974 888 1015; x_wconf 86' lang='lat' dir='ltr'><strong>anno</strong></span> <span class='ocrx_word' id='word_1_72' title='bbox 905 953 1015 1016; x_wconf 87' lang='lat' dir='ltr'><strong>deinde</strong></span> <span class='ocrx_word' id='word_1_73' title='bbox 1028 957 1109 1032; x_wconf 88' lang='grc'>606,</span> <span class='ocrx_word' id='word_1_74' title='bbox 1136 954 1222 1016; x_wconf 87' lang='lat' dir='ltr'><strong>Pho-</strong></span> 
     </span>
     <span class='ocr_line' id='line_1_9' title="bbox 107 1037 1223 1121; baseline 0.003 -25"><span class='ocrx_word' id='word_1_75' title='bbox 107 1056 170 1096; x_wconf 86' lang='lat' dir='ltr'><strong>cae</strong></span> <span class='ocrx_word' id='word_1_76' title='bbox 189 1041 222 1113; x_wconf 82' lang='grc'><strong>3,</strong></span> <span class='ocrx_word' id='word_1_77' title='bbox 243 1037 312 1098; x_wconf 90' lang='lat' dir='ltr'><strong>Iud.</strong></span> <span class='ocrx_word' id='word_1_78' title='bbox 326 1042 347 1102; x_wconf 87' lang='lat'>8</span> <span class='ocrx_word' id='word_1_79' title='bbox 359 1057 455 1099; x_wconf 86' lang='lat' dir='ltr'><strong>annus</strong></span> <span class='ocrx_word' id='word_1_80' title='bbox 470 1040 529 1099; x_wconf 83' lang='lat' dir='ltr'><strong>suit</strong></span> <span class='ocrx_word' id='word_1_81' title='bbox 539 1050 608 1120; x_wconf 86' lang='lat' dir='ltr'><strong>post</strong></span> <span class='ocrx_word' id='word_1_82' title='bbox 625 1041 813 1102; x_wconf 64' lang='lat' dir='ltr'><strong>consumam</strong></span> <span class='ocrx_word' id='word_1_83' title='bbox 830 1043 862 1104; x_wconf 95' lang='grc'>2.</span> <span class='ocrx_word' id='word_1_84' title='bbox 883 1042 985 1121; x_wconf 85' lang='lat' dir='ltr'><strong>itaque</strong></span> <span class='ocrx_word' id='word_1_85' title='bbox 1004 1061 1033 1098; x_wconf 91' lang='lat' dir='ltr'><strong>a.</strong></span> <span class='ocrx_word' id='word_1_86' title='bbox 1052 1044 1125 1116; x_wconf 88' lang='grc'>606,</span> <span class='ocrx_word' id='word_1_87' title='bbox 1138 1040 1223 1100; x_wconf 87' lang='lat' dir='ltr'><strong>Pho·</strong></span> 
     </span>
     <span class='ocr_line' id='line_1_10' title="bbox 107 1121 1223 1201; baseline 0.004 -19"><span class='ocrx_word' id='word_1_88' title='bbox 107 1143 170 1182; x_wconf 88' lang='lat' dir='ltr'><strong>cae</strong></span> <span class='ocrx_word' id='word_1_89' title='bbox 186 1121 228 1196; x_wconf 89' lang='lat'><strong>4,</strong></span> <span class='ocrx_word' id='word_1_90' title='bbox 249 1121 369 1200; x_wconf 86' lang='lat' dir='ltr'><strong>1nd.9‚</strong></span> <span class='ocrx_word' id='word_1_91' title='bbox 391 1135 436 1184; x_wconf 88' lang='lat' dir='ltr'><strong>est</strong></span> <span class='ocrx_word' id='word_1_92' title='bbox 449 1125 487 1184; x_wconf 87' lang='lat' dir='ltr'><strong>sb</strong></span> <span class='ocrx_word' id='word_1_93' title='bbox 501 1126 565 1185; x_wconf 85' lang='lat' dir='ltr'><strong>eius</strong></span> <span class='ocrx_word' id='word_1_94' title='bbox 580 1127 737 1186; x_wconf 71' lang='grc' dir='ltr'>0000ιο010</span> <span class='ocrx_word' id='word_1_95' title='bbox 750 1129 786 1199; x_wconf 81' lang='grc'><strong>3;</strong></span> <span class='ocrx_word' id='word_1_96' title='bbox 808 1145 904 1186; x_wconf 86' lang='lat' dir='ltr'><strong>annus</strong></span> <span class='ocrx_word' id='word_1_97' title='bbox 917 1146 988 1187; x_wconf 85' lang='lat' dir='ltr'><strong>sero</strong></span> <span class='ocrx_word' id='word_1_98' title='bbox 1002 1127 1081 1201; x_wconf 82' lang='grc'>607,</span> <span class='ocrx_word' id='word_1_99' title='bbox 1103 1122 1223 1187; x_wconf 85' lang='lat' dir='ltr'><strong>Phooaa</strong></span> 
     </span>
     <span class='ocr_line' id='line_1_11' title="bbox 107 1205 1222 1290; baseline 0 -20"><span class='ocrx_word' id='word_1_100' title='bbox 107 1209 151 1282; x_wconf 88' lang='grc'><strong>6,</strong></span> <span class='ocrx_word' id='word_1_101' title='bbox 183 1205 254 1268; x_wconf 82' lang='lat' dir='ltr'><strong>lud.</strong></span> <span class='ocrx_word' id='word_1_102' title='bbox 272 1213 328 1283; x_wconf 90' lang='grc'><strong>10,</strong></span> <span class='ocrx_word' id='word_1_103' title='bbox 354 1220 423 1290; x_wconf 85' lang='lat' dir='ltr'><strong>post</strong></span> <span class='ocrx_word' id='word_1_104' title='bbox 436 1212 502 1270; x_wconf 83' lang='lat' dir='ltr'><strong>eius</strong></span> <span class='ocrx_word' id='word_1_105' title='bbox 518 1214 705 1272; x_wconf 87' lang='lat' dir='ltr'><strong>consulatum</strong></span> <span class='ocrx_word' id='word_1_106' title='bbox 721 1209 825 1272; x_wconf 89' lang='lat' dir='ltr'><strong>ordine</strong></span> <span class='ocrx_word' id='word_1_107' title='bbox 838 1213 860 1277; x_wconf 89' lang='lat'><strong>4</strong></span> <span class='ocrx_word' id='word_1_108' title='bbox 880 1221 935 1272; x_wconf 86' lang='lat' dir='ltr'><strong>eat.</strong></span> <span class='ocrx_word' id='word_1_109' title='bbox 978 1212 1059 1270; x_wconf 89' lang='lat' dir='ltr'><strong>mele</strong></span> <span class='ocrx_word' id='word_1_110' title='bbox 1078 1212 1171 1290; x_wconf 84' lang='lat' dir='ltr'><strong>igitur</strong></span> <span class='ocrx_word' id='word_1_111' title='bbox 1188 1211 1222 1270; x_wconf 89' lang='lat' dir='ltr'><strong>in</strong></span> 
     </span>
     <span class='ocr_line' id='line_1_12' title="bbox 110 1291 1223 1380; baseline 0.004 -28"><span class='ocrx_word' id='word_1_112' title='bbox 110 1294 238 1352; x_wconf 80' lang='lat' dir='ltr'><strong>Graeco</strong></span> <span class='ocrx_word' id='word_1_113' title='bbox 253 1292 361 1354; x_wconf 89' lang='lat' dir='ltr'><strong>Indict.</strong></span> <span class='ocrx_word' id='word_1_114' title='bbox 384 1298 405 1360; x_wconf 88' lang='grc'><strong>9</strong></span> <span class='ocrx_word' id='word_1_115' title='bbox 422 1305 453 1355; x_wconf 90' lang='lat' dir='ltr'><strong>et</strong></span> <span class='ocrx_word' id='word_1_116' title='bbox 470 1301 511 1364; x_wconf 91' lang='lat'><strong>10</strong></span> <span class='ocrx_word' id='word_1_117' title='bbox 528 1297 574 1357; x_wconf 86' lang='lat' dir='ltr'><strong>his</strong></span> <span class='ocrx_word' id='word_1_118' title='bbox 588 1300 711 1356; x_wconf 75' lang='lat' dir='ltr'><strong>iteratur</strong></span> <span class='ocrx_word' id='word_1_119' title='bbox 730 1292 764 1361; x_wconf 79' lang='lat' dir='ltr'><strong>sd</strong></span> <span class='ocrx_word' id='word_1_120' title='bbox 778 1291 815 1380; x_wconf 71' lang='grc' dir='ltr'><strong>γ’.</strong></span> <span class='ocrx_word' id='word_1_121' title='bbox 854 1292 934 1358; x_wconf 83' lang='lat' dir='ltr'><strong>haec</strong></span> <span class='ocrx_word' id='word_1_122' title='bbox 947 1299 1040 1378; x_wconf 89' lang='lat' dir='ltr'><strong>paulo</strong></span> <span class='ocrx_word' id='word_1_123' title='bbox 1055 1297 1223 1357; x_wconf 73' lang='lat' dir='ltr'><strong>accuratius</strong></span> 
     </span>
     <span class='ocr_line' id='line_1_13' title="bbox 112 1378 1223 1466; baseline 0.006 -31"><span class='ocrx_word' id='word_1_124' title='bbox 112 1397 132 1436; x_wconf 84' lang='lat' dir='ltr'><strong>a</strong></span> <span class='ocrx_word' id='word_1_125' title='bbox 147 1378 243 1437; x_wconf 83' lang='lat' dir='ltr'><strong>nobis</strong></span> <span class='ocrx_word' id='word_1_126' title='bbox 260 1391 488 1456; x_wconf 74' lang='lat' dir='ltr'><strong>excusserunt,</strong></span> <span class='ocrx_word' id='word_1_127' title='bbox 518 1392 596 1442; x_wconf 85' lang='lat' dir='ltr'><strong>utet</strong></span> <span class='ocrx_word' id='word_1_128' title='bbox 612 1384 734 1466; x_wconf 81' lang='lat' dir='ltr'><strong>illorum</strong></span> <span class='ocrx_word' id='word_1_129' title='bbox 744 1394 916 1462; x_wconf 87' lang='lat' dir='ltr'><strong>temporum</strong></span> <span class='ocrx_word' id='word_1_130' title='bbox 930 1380 1072 1443; x_wconf 70' lang='lat' dir='ltr'><strong>historiae</strong></span> <span class='ocrx_word' id='word_1_131' title='bbox 1089 1392 1120 1442; x_wconf 88' lang='lat' dir='ltr'><strong>et</strong></span> <span class='ocrx_word' id='word_1_132' title='bbox 1132 1383 1223 1442; x_wconf 86' lang='lat' dir='ltr'><strong>lucu·</strong></span> 
     </span>
     <span class='ocr_line' id='line_1_14' title="bbox 112 1463 952 1550; baseline 0.007 -28"><span class='ocrx_word' id='word_1_133' title='bbox 112 1464 291 1524; x_wconf 86' lang='lat' dir='ltr'><strong>lentissimo</strong></span> <span class='ocrx_word' id='word_1_134' title='bbox 305 1463 453 1526; x_wconf 74' lang='lat' dir='ltr'><strong>Chronico</strong></span> <span class='ocrx_word' id='word_1_135' title='bbox 466 1467 569 1550; x_wconf 89' lang='lat' dir='ltr'><strong>aliqua</strong></span> <span class='ocrx_word' id='word_1_136' title='bbox 584 1488 626 1528; x_wconf 83' lang='lat' dir='ltr'><strong>ex</strong></span> <span class='ocrx_word' id='word_1_137' title='bbox 637 1479 722 1548; x_wconf 88' lang='lat' dir='ltr'><strong>parte</strong></span> <span class='ocrx_word' id='word_1_138' title='bbox 736 1470 952 1528; x_wconf 83' lang='lat' dir='ltr'><strong>consuleretur.</strong></span> 
     </span>
    </p>

    <p class='ocr_par' dir='ltr' id='par_1_3' title="bbox 113 1549 1224 1954">
     <span class='ocr_line' id='line_1_15' title="bbox 205 1549 1221 1636; baseline 0 -23"><span class='ocrx_word' id='word_1_139' title='bbox 205 1568 238 1627; x_wconf 80' lang='lat' dir='ltr'><strong>p·</strong></span> <span class='ocrx_word' id='word_1_140' title='bbox 254 1553 296 1613; x_wconf 82' lang='lat'><strong>30</strong></span> <span class='ocrx_word' id='word_1_141' title='bbox 310 1571 341 1610; x_wconf 86' lang='lat' dir='ltr'><strong>v.</strong></span> <span class='ocrx_word' id='word_1_142' title='bbox 355 1549 387 1614; x_wconf 91' lang='grc'><strong>4.</strong></span> <span class='ocrx_word' id='word_1_143' title='bbox 428 1553 482 1616; x_wconf 77' lang='lat' dir='ltr'><strong>soi</strong></span> <span class='ocrx_word' id='word_1_144' title='bbox 497 1550 659 1636; x_wconf 72' lang='grc' dir='ltr'><strong><em>ἐπειδήπερ</em></strong></span> <span class='ocrx_word' id='word_1_145' title='bbox 673 1551 859 1634; x_wconf 76' lang='grc' dir='ltr'><strong>προσέκειτο]</strong></span> <span class='ocrx_word' id='word_1_146' title='bbox 879 1573 942 1612; x_wconf 92' lang='lat' dir='ltr'><strong>non</strong></span> <span class='ocrx_word' id='word_1_147' title='bbox 953 1550 1155 1613; x_wconf 71' lang='lat' dir='ltr'><strong>dubitavimus</strong></span> <span class='ocrx_word' id='word_1_148' title='bbox 1166 1571 1221 1632; x_wconf 87' lang='lat' dir='ltr'><strong>pro</strong></span> 
     </span>
     <span class='ocr_line' id='line_1_16' title="bbox 113 1629 1223 1720; baseline -0.004 -22"><span class='ocrx_word' id='word_1_149' title='bbox 113 1635 238 1718; x_wconf 66' lang='grc' dir='ltr'><strong>Σεργίῳ</strong></span> <span class='ocrx_word' id='word_1_150' title='bbox 255 1629 370 1720; x_wconf 72' lang='grc' dir='ltr'><strong>,Πύρρῳ</strong></span> <span class='ocrx_word' id='word_1_151' title='bbox 387 1640 541 1698; x_wconf 69' lang='lat' dir='ltr'><strong>restituere</strong></span> <span class='ocrx_word' id='word_1_152' title='bbox 560 1641 594 1698; x_wconf 88' lang='lat' dir='ltr'><strong>iu</strong></span> <span class='ocrx_word' id='word_1_153' title='bbox 606 1641 716 1698; x_wconf 80' lang='lat' dir='ltr'><strong>Latina</strong></span> <span class='ocrx_word' id='word_1_154' title='bbox 736 1648 839 1698; x_wconf 83' lang='lat' dir='ltr'><strong>nostra</strong></span> <span class='ocrx_word' id='word_1_155' title='bbox 860 1639 1123 1719; x_wconf 81' lang='lat' dir='ltr'><strong>interpretatione:</strong></span> <span class='ocrx_word' id='word_1_156' title='bbox 1155 1657 1223 1696; x_wconf 86' lang='lat' dir='ltr'><strong>cer·</strong></span> 
     </span>
     <span class='ocr_line' id='line_1_17' title="bbox 113 1719 1222 1804; baseline 0.002 -26"><span class='ocrx_word' id='word_1_157' title='bbox 113 1728 185 1778; x_wconf 88' lang='lat' dir='ltr'><strong>tum</strong></span> <span class='ocrx_word' id='word_1_158' title='bbox 199 1730 246 1780; x_wconf 88' lang='lat' dir='ltr'><strong>est</strong></span> <span class='ocrx_word' id='word_1_159' title='bbox 258 1723 341 1780; x_wconf 87' lang='lat' dir='ltr'><strong>enim</strong></span> <span class='ocrx_word' id='word_1_160' title='bbox 355 1719 507 1803; x_wconf 83' lang='lat' dir='ltr'><strong>Pyrrhum</strong></span> <span class='ocrx_word' id='word_1_161' title='bbox 522 1725 629 1804; x_wconf 81' lang='lat' dir='ltr'><strong>Sergio</strong></span> <span class='ocrx_word' id='word_1_162' title='bbox 647 1725 826 1790; x_wconf 72' lang='lat' dir='ltr'><strong>successisse</strong></span> <span class='ocrx_word' id='word_1_163' title='bbox 842 1741 872 1782; x_wconf 86' lang='lat' dir='ltr'><strong>a.</strong></span> <span class='ocrx_word' id='word_1_164' title='bbox 885 1723 1017 1782; x_wconf 86' lang='lat' dir='ltr'><strong>Heraclii</strong></span> <span class='ocrx_word' id='word_1_165' title='bbox 1030 1725 1089 1798; x_wconf 75' lang='lat'><strong>29,</strong></span> <span class='ocrx_word' id='word_1_166' title='bbox 1112 1719 1222 1782; x_wconf 80' lang='lat' dir='ltr'><strong>Christi</strong></span> 
     </span>
     <span class='ocr_line' id='line_1_18' title="bbox 114 1804 1224 1892; baseline 0.005 -26"><span class='ocrx_word' id='word_1_167' title='bbox 114 1805 195 1868; x_wconf 83' lang='grc'>639.</span> <span class='ocrx_word' id='word_1_168' title='bbox 229 1807 279 1864; x_wconf 89' lang='lat' dir='ltr'><strong>cui</strong></span> <span class='ocrx_word' id='word_1_169' title='bbox 292 1804 498 1886; x_wconf 74' lang='lat' dir='ltr'><strong>Theophanes</strong></span> <span class='ocrx_word' id='word_1_170' title='bbox 511 1814 573 1878; x_wconf 68' lang='lat' dir='ltr'><strong>as</strong></span> <span class='ocrx_word' id='word_1_171' title='bbox 590 1810 731 1890; x_wconf 78' lang='lat' dir='ltr'><strong>assignat,</strong></span> <span class='ocrx_word' id='word_1_172' title='bbox 752 1806 940 1892; x_wconf 87' lang='lat' dir='ltr'><strong>Nicephorus</strong></span> <span class='ocrx_word' id='word_1_173' title='bbox 954 1809 987 1868; x_wconf 88' lang='lat' dir='ltr'><strong>in</strong></span> <span class='ocrx_word' id='word_1_174' title='bbox 999 1805 1147 1868; x_wconf 80' lang='lat' dir='ltr'><strong>chronico</strong></span> <span class='ocrx_word' id='word_1_175' title='bbox 1161 1810 1224 1872; x_wconf 79' lang='lat' dir='ltr'><strong>a.2</strong></span> 
     </span>
     <span class='ocr_line' id='line_1_19' title="bbox 114 1889 405 1954; baseline 0.017 -8"><span class='ocrx_word' id='word_1_176' title='bbox 114 1907 242 1950; x_wconf 84' lang='lat' dir='ltr'><strong>meuses</strong></span> <span class='ocrx_word' id='word_1_177' title='bbox 256 1891 277 1954; x_wconf 88' lang='lat'><strong>9</strong></span> <span class='ocrx_word' id='word_1_178' title='bbox 293 1889 358 1951; x_wconf 84' lang='lat' dir='ltr'><strong>dies</strong></span> <span class='ocrx_word' id='word_1_179' title='bbox 373 1891 405 1954; x_wconf 85' lang='lat'><strong>9.</strong></span> 
     </span>
    </p>

    <p class='ocr_par' dir='ltr' id='par_1_4' title="bbox 19 1971 1225 2233">
     <span class='ocr_line' id='line_1_20' title="bbox 19 1971 1224 2062; baseline -0.003 -24"><span class='ocrx_word' id='word_1_180' title='bbox 19 2005 21 2038; x_wconf 75' lang='lat' dir='ltr'><strong>t</strong></span> <span class='ocrx_word' id='word_1_181' title='bbox 203 1973 247 2034; x_wconf 79' lang='lat' dir='ltr'><strong>ib.</strong></span> <span class='ocrx_word' id='word_1_182' title='bbox 270 1997 300 2036; x_wconf 84' lang='lat' dir='ltr'><strong>r.</strong></span> <span class='ocrx_word' id='word_1_183' title='bbox 320 1981 353 2045; x_wconf 81' lang='grc'>0.</span> <span class='ocrx_word' id='word_1_184' title='bbox 395 1973 458 2059; x_wconf 72' lang='grc' dir='ltr'><strong>ἤδη</strong></span> <span class='ocrx_word' id='word_1_185' title='bbox 477 1975 511 2042; x_wconf 84' lang='grc'><strong>11</strong></span> <span class='ocrx_word' id='word_1_186' title='bbox 532 1971 653 2062; x_wconf 60' lang='grc' dir='ltr'><strong>χρόνοις</strong></span> <span class='ocrx_word' id='word_1_187' title='bbox 673 1975 770 2057; x_wconf 68' lang='lat' dir='ltr'><strong>suto]</strong></span> <span class='ocrx_word' id='word_1_188' title='bbox 798 1971 1005 2058; x_wconf 72' lang='lat' dir='ltr'><strong>Theophanes</strong></span> <span class='ocrx_word' id='word_1_189' title='bbox 1027 1993 1057 2035; x_wconf 85' lang='lat' dir='ltr'><strong>a.</strong></span> <span class='ocrx_word' id='word_1_190' title='bbox 1070 1975 1113 2040; x_wconf 89' lang='grc'><strong>26</strong></span> <span class='ocrx_word' id='word_1_191' title='bbox 1125 1977 1224 2035; x_wconf 84' lang='lat' dir='ltr'><strong>Hera-</strong></span> 
     </span>
     <span class='ocr_line' id='line_1_21' title="bbox 19 2055 1224 2146; baseline 0.002 -22"><span class='ocrx_word' id='word_1_192' title='bbox 19 2091 20 2124; x_wconf 82' lang='lat'><strong>:</strong></span> <span class='ocrx_word' id='word_1_193' title='bbox 118 2059 189 2117; x_wconf 73' lang='lat' dir='ltr'><strong>clii:</strong></span> <span class='ocrx_word' id='word_1_194' title='bbox 211 2066 422 2145; x_wconf 65' lang='lat' dir='ltr'><strong>mmopsisus</strong></span> <span class='ocrx_word' id='word_1_195' title='bbox 434 2059 467 2126; x_wconf 85' lang='grc'><strong>11</strong></span> <span class='ocrx_word' id='word_1_196' title='bbox 482 2061 502 2128; x_wconf 78' lang='lat' dir='ltr'><strong>d</strong></span> <span class='ocrx_word' id='word_1_197' title='bbox 510 2067 614 2146; x_wconf 75' lang='grc' dir='ltr'><strong><em>Κῦρος</em></strong></span> <span class='ocrx_word' id='word_1_198' title='bbox 626 2061 678 2128; x_wconf 73' lang='lat' dir='ltr'><strong>issi</strong></span> <span class='ocrx_word' id='word_1_199' title='bbox 690 2067 748 2126; x_wconf 79' lang='lat' dir='ltr'><strong>cosi</strong></span> <span class='ocrx_word' id='word_1_200' title='bbox 762 2061 908 2143; x_wconf 71' lang='grc' dir='ltr'><strong>βασιλέως</strong></span> <span class='ocrx_word' id='word_1_201' title='bbox 923 2061 967 2140; x_wconf 70' lang='lat' dir='ltr'><strong>dc</strong></span> <span class='ocrx_word' id='word_1_202' title='bbox 980 2055 1015 2126; x_wconf 77' lang='lat' dir='ltr'><strong>cd</strong></span> <span class='ocrx_word' id='word_1_203' title='bbox 1030 2061 1155 2142; x_wconf 67' lang='grc' dir='ltr'><strong>χρυσίον</strong></span> <span class='ocrx_word' id='word_1_204' title='bbox 1169 2061 1224 2140; x_wconf 75' lang='grc' dir='ltr'><strong>τῆς</strong></span> 
     </span>
     <span class='ocr_line' id='line_1_22' title="bbox 19 2139 1225 2233; baseline 0.007 -29"><span class='ocrx_word' id='word_1_205' title='bbox 19 2205 22 2214; x_wconf 82' lang='grc'>,</span> <span class='ocrx_word' id='word_1_206' title='bbox 118 2139 280 2226; x_wconf 70' lang='lat' dir='ltr'><strong>Aipaimov</strong></span> <span class='ocrx_word' id='word_1_207' title='bbox 294 2153 359 2222; x_wconf 73' lang='grc' dir='ltr'><strong>τοῖς</strong></span> <span class='ocrx_word' id='word_1_208' title='bbox 373 2152 566 2233; x_wconf 70' lang='grc' dir='ltr'><strong>Σαρακηνοῖς</strong></span> <span class='ocrx_word' id='word_1_209' title='bbox 581 2145 671 2226; x_wconf 64' lang='lat' dir='ltr'><strong>dotia,</strong></span> <span class='ocrx_word' id='word_1_210' title='bbox 701 2140 945 2222; x_wconf 65' lang='grc' dir='ltr'>001010000οΜ</span> <span class='ocrx_word' id='word_1_211' title='bbox 953 2139 1023 2228; x_wconf 69' lang='grc' dir='ltr'><strong>μετ’</strong></span> <span class='ocrx_word' id='word_1_212' title='bbox 1040 2139 1225 2232; x_wconf 59' lang='lat' dir='ltr'><strong>depictor?-</strong></span> 
     </span>
    </p>
   </div>
   <div class='ocr_carea' id='block_1_3' title="bbox 19 2228 401 2312">
    <p class='ocr_par' dir='ltr' id='par_1_5' title="bbox 19 2228 401 2312">
     <span class='ocr_line' id='line_1_23' title="bbox 19 2228 401 2312; baseline 0.01 -20"><span class='ocrx_word' id='word_1_213' title='bbox 19 2263 21 2300; x_wconf 50' lang='grc' dir='ltr'><strong>μ</strong></span> <span class='ocrx_word' id='word_1_214' title='bbox 117 2228 401 2312; x_wconf 66' lang='lat' dir='ltr'><strong>coronariorum</strong></span> 
     </span>
    </p>
   </div>
   <div class='ocr_carea' id='block_1_4' title="bbox 19 2310 1226 2569">
    <p class='ocr_par' dir='ltr' id='par_1_6' title="bbox 19 2310 1226 2569">
     <span class='ocr_line' id='line_1_24' title="bbox 19 2310 1225 2399; baseline -0.015 -11"><span class='ocrx_word' id='word_1_215' title='bbox 19 2355 22 2388; x_wconf 74' lang='lat' dir='ltr'><strong>t</strong></span> <span class='ocrx_word' id='word_1_216' title='bbox 204 2335 238 2395; x_wconf 81' lang='lat' dir='ltr'><strong>p·</strong></span> <span class='ocrx_word' id='word_1_217' title='bbox 254 2321 294 2382; x_wconf 83' lang='lat'><strong>81</strong></span> <span class='ocrx_word' id='word_1_218' title='bbox 306 2336 337 2377; x_wconf 83' lang='lat' dir='ltr'><strong>r.</strong></span> <span class='ocrx_word' id='word_1_219' title='bbox 354 2321 383 2380; x_wconf 89' lang='lat'><strong>1.</strong></span> <span class='ocrx_word' id='word_1_220' title='bbox 423 2313 526 2398; x_wconf 63' lang='grc'>110611</span> <span class='ocrx_word' id='word_1_221' title='bbox 535 2313 569 2382; x_wconf 85' lang='grc'><strong>11</strong></span> <span class='ocrx_word' id='word_1_222' title='bbox 582 2315 635 2380; x_wconf 71' lang='lat' dir='ltr'><strong>eet</strong></span> <span class='ocrx_word' id='word_1_223' title='bbox 648 2313 806 2399; x_wconf 75' lang='lat' dir='ltr'><strong>Mopiuos]</strong></span> <span class='ocrx_word' id='word_1_224' title='bbox 823 2333 903 2376; x_wconf 82' lang='lat' dir='ltr'><strong>anno</strong></span> <span class='ocrx_word' id='word_1_225' title='bbox 919 2314 1051 2374; x_wconf 87' lang='lat' dir='ltr'><strong>Heraclii</strong></span> <span class='ocrx_word' id='word_1_226' title='bbox 1064 2315 1119 2388; x_wconf 81' lang='lat'><strong>22,</strong></span> <span class='ocrx_word' id='word_1_227' title='bbox 1134 2310 1225 2373; x_wconf 77' lang='lat' dir='ltr'><strong>(thri-</strong></span> 
     </span>
     <span class='ocr_line' id='line_1_25' title="bbox 19 2395 1226 2484; baseline -0.005 -21"><span class='ocrx_word' id='word_1_228' title='bbox 19 2439 21 2473; x_wconf 70' lang='grc'>,</span> <span class='ocrx_word' id='word_1_229' title='bbox 119 2399 160 2463; x_wconf 79' lang='lat' dir='ltr'><strong>sti</strong></span> <span class='ocrx_word' id='word_1_230' title='bbox 175 2403 247 2476; x_wconf 80' lang='grc'>630,</span> <span class='ocrx_word' id='word_1_231' title='bbox 273 2399 340 2463; x_wconf 82' lang='lat' dir='ltr'><strong>lud.</strong></span> <span class='ocrx_word' id='word_1_232' title='bbox 354 2401 391 2478; x_wconf 90' lang='lat'><strong>4,</strong></span> <span class='ocrx_word' id='word_1_233' title='bbox 412 2405 522 2470; x_wconf 67' lang='lat' dir='ltr'><strong>Noui</strong></span> <span class='ocrx_word' id='word_1_234' title='bbox 540 2399 748 2484; x_wconf 78' lang='lat' dir='ltr'><strong>(corrigendus</strong></span> <span class='ocrx_word' id='word_1_235' title='bbox 761 2395 984 2479; x_wconf 83' lang='lat' dir='ltr'><strong>Theophanes,</strong></span> <span class='ocrx_word' id='word_1_236' title='bbox 1006 2396 1080 2459; x_wconf 89' lang='lat' dir='ltr'><strong>dum</strong></span> <span class='ocrx_word' id='word_1_237' title='bbox 1094 2400 1226 2458; x_wconf 85' lang='lat' dir='ltr'><strong>Heraclii</strong></span> 
     </span>
     <span class='ocr_line' id='line_1_26' title="bbox 118 2482 1226 2569; baseline -0.003 -21"><span class='ocrx_word' id='word_1_238' title='bbox 118 2487 160 2548; x_wconf 88' lang='grc'><strong>21</strong></span> <span class='ocrx_word' id='word_1_239' title='bbox 174 2482 328 2569; x_wconf 82' lang='lat' dir='ltr'><strong>numerat)</strong></span> <span class='ocrx_word' id='word_1_240' title='bbox 342 2498 432 2547; x_wconf 89' lang='lat' dir='ltr'><strong>natus</strong></span> <span class='ocrx_word' id='word_1_241' title='bbox 448 2497 495 2548; x_wconf 86' lang='lat' dir='ltr'><strong>est</strong></span> <span class='ocrx_word' id='word_1_242' title='bbox 507 2490 646 2547; x_wconf 85' lang='lat' dir='ltr'><strong>Heraclio</strong></span> <span class='ocrx_word' id='word_1_243' title='bbox 661 2490 696 2545; x_wconf 88' lang='lat' dir='ltr'><strong>in</strong></span> <span class='ocrx_word' id='word_1_244' title='bbox 710 2487 833 2545; x_wconf 88' lang='lat' dir='ltr'><strong>Oriente</strong></span> <span class='ocrx_word' id='word_1_245' title='bbox 846 2486 945 2561; x_wconf 86' lang='lat' dir='ltr'><strong>filius,</strong></span> <span class='ocrx_word' id='word_1_246' title='bbox 967 2503 1061 2565; x_wconf 86' lang='lat' dir='ltr'><strong>quem</strong></span> <span class='ocrx_word' id='word_1_247' title='bbox 1073 2482 1226 2545; x_wconf 79' lang='lat' dir='ltr'><strong>cedrenus</strong></span> 
     </span>
    </p>
   </div>
   <div class='ocr_carea' id='block_1_5' title="bbox 19 2568 1230 2652">
    <p class='ocr_par' dir='ltr' id='par_1_7' title="bbox 19 2568 1230 2652">
     <span class='ocr_line' id='line_1_27' title="bbox 19 2568 1230 2652; baseline 0.003 -26"><span class='ocrx_word' id='word_1_248' title='bbox 19 2610 20 2617; x_wconf 38' lang='lat'>1</span> <span class='ocrx_word' id='word_1_249' title='bbox 117 2570 268 2631; x_wconf 80' lang='lat' dir='ltr'><strong>Doridem</strong></span> <span class='ocrx_word' id='word_1_250' title='bbox 283 2583 382 2633; x_wconf 81' lang='lat' dir='ltr'><strong>vocat.</strong></span> <span class='ocrx_word' id='word_1_251' title='bbox 425 2570 593 2652; x_wconf 82' lang='lat' dir='ltr'><strong>eademque</strong></span> <span class='ocrx_word' id='word_1_252' title='bbox 610 2568 659 2629; x_wconf 89' lang='lat' dir='ltr'><strong>die</strong></span> <span class='ocrx_word' id='word_1_253' title='bbox 675 2571 873 2629; x_wconf 75' lang='lat' dir='ltr'><strong>Constantino</strong></span> <span class='ocrx_word' id='word_1_254' title='bbox 886 2571 1026 2630; x_wconf 85' lang='lat' dir='ltr'><strong>Heraclio</strong></span> <span class='ocrx_word' id='word_1_255' title='bbox 1040 2568 1104 2629; x_wconf 87' lang='lat' dir='ltr'><strong>filio</strong></span> <span class='ocrx_word' id='word_1_256' title='bbox 1125 2572 1230 2643; x_wconf 85' lang='lat' dir='ltr'><strong>nasci-¹</strong></span> 
     </span>
    </p>
   </div>
   <div class='ocr_carea' id='block_1_6' title="bbox 119 2654 1226 2740">
    <p class='ocr_par' dir='ltr' id='par_1_8' title="bbox 119 2654 1226 2740">
     <span class='ocr_line' id='line_1_28' title="bbox 119 2654 1226 2740; baseline -0.002 -25"><span class='ocrx_word' id='word_1_257' title='bbox 119 2665 169 2715; x_wconf 86' lang='lat' dir='ltr'><strong>tur</strong></span> <span class='ocrx_word' id='word_1_258' title='bbox 181 2658 355 2731; x_wconf 82' lang='lat' dir='ltr'><strong>Heraclius,</strong></span> <span class='ocrx_word' id='word_1_259' title='bbox 377 2658 431 2737; x_wconf 88' lang='lat' dir='ltr'><strong>qui</strong></span> <span class='ocrx_word' id='word_1_260' title='bbox 447 2675 477 2715; x_wconf 88' lang='lat' dir='ltr'><strong>a.</strong></span> <span class='ocrx_word' id='word_1_261' title='bbox 491 2654 711 2740; x_wconf 36' lang='lat' dir='ltr'><strong>sequenti-lud.</strong></span> <span class='ocrx_word' id='word_1_262' title='bbox 728 2654 768 2733; x_wconf 89' lang='grc'><strong>6,</strong></span> <span class='ocrx_word' id='word_1_263' title='bbox 787 2658 865 2717; x_wconf 86' lang='lat' dir='ltr'><strong>Nor.</strong></span> <span class='ocrx_word' id='word_1_264' title='bbox 880 2658 913 2733; x_wconf 80' lang='grc'><strong>3,</strong></span> <span class='ocrx_word' id='word_1_265' title='bbox 934 2676 953 2715; x_wconf 89' lang='lat' dir='ltr'><strong>a</strong></span> <span class='ocrx_word' id='word_1_266' title='bbox 967 2656 1075 2737; x_wconf 78' lang='lat' dir='ltr'><strong>Sergio</strong></span> <span class='ocrx_word' id='word_1_267' title='bbox 1090 2656 1226 2737; x_wconf 88' lang='lat' dir='ltr'><strong>baptiza-</strong></span> 
     </span>
    </p>
   </div>
   <div class='ocr_carea' id='block_1_7' title="bbox 19 2739 478 2817">
    <p class='ocr_par' dir='ltr' id='par_1_9' title="bbox 19 2739 478 2817">
     <span class='ocr_line' id='line_1_29' title="bbox 19 2739 478 2817; baseline -0.007 -15"><span class='ocrx_word' id='word_1_268' title='bbox 19 2784 20 2817; x_wconf 73' lang='grc'><strong>,</strong></span> <span class='ocrx_word' id='word_1_269' title='bbox 121 2751 169 2801; x_wconf 84' lang='lat' dir='ltr'><strong>tus</strong></span> <span class='ocrx_word' id='word_1_270' title='bbox 187 2753 232 2801; x_wconf 87' lang='lat' dir='ltr'><strong>ost</strong></span> <span class='ocrx_word' id='word_1_271' title='bbox 244 2742 277 2799; x_wconf 91' lang='lat' dir='ltr'><strong>in</strong></span> <span class='ocrx_word' id='word_1_272' title='bbox 290 2739 478 2801; x_wconf 86' lang='lat' dir='ltr'><strong>Blachernis.</strong></span> 
     </span>
    </p>
   </div>
   <div class='ocr_carea' id='block_1_8' title="bbox 122 2818 1326 4358">
    <p class='ocr_par' dir='ltr' id='par_1_10' title="bbox 122 2818 1227 3406">
     <span class='ocr_line' id='line_1_30' title="bbox 203 2818 1225 2907; baseline 0.001 -23"><span class='ocrx_word' id='word_1_273' title='bbox 203 2823 247 2885; x_wconf 83' lang='lat' dir='ltr'><strong>ib.</strong></span> <span class='ocrx_word' id='word_1_274' title='bbox 271 2845 303 2885; x_wconf 84' lang='lat' dir='ltr'><strong>r.</strong></span> <span class='ocrx_word' id='word_1_275' title='bbox 324 2831 374 2892; x_wconf 88' lang='grc'><strong>12.</strong></span> <span class='ocrx_word' id='word_1_276' title='bbox 417 2826 452 2890; x_wconf 78' lang='lat' dir='ltr'><strong>te</strong></span> <span class='ocrx_word' id='word_1_277' title='bbox 463 2818 575 2889; x_wconf 72' lang='lat' dir='ltr'><strong>sosisou</strong></span> <span class='ocrx_word' id='word_1_278' title='bbox 587 2818 716 2905; x_wconf 66' lang='lat' dir='ltr'><strong>umis]</strong></span> <span class='ocrx_word' id='word_1_279' title='bbox 739 2826 816 2887; x_wconf 89' lang='lat' dir='ltr'><strong>obiit</strong></span> <span class='ocrx_word' id='word_1_280' title='bbox 829 2824 997 2901; x_wconf 76' lang='lat' dir='ltr'><strong>Heredius,</strong></span> <span class='ocrx_word' id='word_1_281' title='bbox 1009 2824 1109 2907; x_wconf 89' lang='lat' dir='ltr'><strong>inquit</strong></span> <span class='ocrx_word' id='word_1_282' title='bbox 1118 2820 1225 2885; x_wconf 86' lang='lat' dir='ltr'><strong>Theo-</strong></span> 
     </span>
     <span class='ocr_line' id='line_1_31' title="bbox 122 2906 1226 2991; baseline 0.005 -22"><span class='ocrx_word' id='word_1_283' title='bbox 122 2906 245 2991; x_wconf 83' lang='lat' dir='ltr'><strong>phanes,</strong></span> <span class='ocrx_word' id='word_1_284' title='bbox 266 2910 335 2971; x_wconf 85' lang='lat' dir='ltr'><strong>Ind.</strong></span> <span class='ocrx_word' id='word_1_285' title='bbox 348 2909 390 2976; x_wconf 89' lang='lat'><strong>14</strong></span> <span class='ocrx_word' id='word_1_286' title='bbox 403 2913 513 2971; x_wconf 80' lang='lat' dir='ltr'><strong>Martio</strong></span> <span class='ocrx_word' id='word_1_287' title='bbox 526 2930 641 2988; x_wconf 86' lang='lat' dir='ltr'><strong>mense,</strong></span> <span class='ocrx_word' id='word_1_288' title='bbox 663 2909 712 2971; x_wconf 87' lang='lat' dir='ltr'><strong>die</strong></span> <span class='ocrx_word' id='word_1_289' title='bbox 728 2912 780 2989; x_wconf 90' lang='lat'><strong>11,</strong></span> <span class='ocrx_word' id='word_1_290' title='bbox 801 2930 872 2971; x_wconf 85' lang='lat' dir='ltr'><strong>oum</strong></span> <span class='ocrx_word' id='word_1_291' title='bbox 884 2912 1062 2991; x_wconf 84' lang='lat' dir='ltr'><strong>imperasset</strong></span> <span class='ocrx_word' id='word_1_292' title='bbox 1074 2930 1169 2970; x_wconf 86' lang='lat' dir='ltr'><strong>annos</strong></span> <span class='ocrx_word' id='word_1_293' title='bbox 1183 2915 1226 2975; x_wconf 84' lang='grc'>30</span> 
     </span>
     <span class='ocr_line' id='line_1_32' title="bbox 124 2992 1226 3062; baseline -0.003 -5"><span class='ocrx_word' id='word_1_294' title='bbox 124 3016 241 3057; x_wconf 86' lang='lat' dir='ltr'><strong>menses</strong></span> <span class='ocrx_word' id='word_1_295' title='bbox 260 3001 310 3062; x_wconf 91' lang='grc'><strong>10.</strong></span> <span class='ocrx_word' id='word_1_296' title='bbox 353 3006 384 3055; x_wconf 85' lang='lat' dir='ltr'><strong>ut</strong></span> <span class='ocrx_word' id='word_1_297' title='bbox 404 3004 508 3057; x_wconf 88' lang='lat' dir='ltr'><strong>uoster</strong></span> <span class='ocrx_word' id='word_1_298' title='bbox 527 3015 557 3056; x_wconf 93' lang='lat' dir='ltr'><strong>a.</strong></span> <span class='ocrx_word' id='word_1_299' title='bbox 577 3000 619 3062; x_wconf 80' lang='grc'>30</span> <span class='ocrx_word' id='word_1_300' title='bbox 641 2992 804 3061; x_wconf 82' lang='lat' dir='ltr'><strong>mensas4</strong></span> <span class='ocrx_word' id='word_1_301' title='bbox 828 2994 893 3057; x_wconf 89' lang='lat' dir='ltr'><strong>dies</strong></span> <span class='ocrx_word' id='word_1_302' title='bbox 910 2998 943 3059; x_wconf 91' lang='grc'><strong>6.</strong></span> <span class='ocrx_word' id='word_1_303' title='bbox 986 2993 1089 3057; x_wconf 84' lang='lat' dir='ltr'><strong>sedai</strong></span> <span class='ocrx_word' id='word_1_304' title='bbox 1108 3016 1137 3055; x_wconf 89' lang='lat' dir='ltr'><strong>a.</strong></span> <span class='ocrx_word' id='word_1_305' title='bbox 1161 2996 1226 3054; x_wconf 89' lang='lat' dir='ltr'><strong>eius</strong></span> 
     </span>
     <span class='ocr_line' id='line_1_33' title="bbox 125 3078 1227 3162; baseline -0.003 -21"><span class='ocrx_word' id='word_1_306' title='bbox 125 3084 235 3162; x_wconf 87' lang='lat' dir='ltr'><strong>primus</strong></span> <span class='ocrx_word' id='word_1_307' title='bbox 248 3083 285 3142; x_wconf 89' lang='lat' dir='ltr'><strong>ah</strong></span> <span class='ocrx_word' id='word_1_308' title='bbox 299 3084 364 3143; x_wconf 80' lang='lat' dir='ltr'><strong>occ</strong></span> <span class='ocrx_word' id='word_1_309' title='bbox 379 3086 400 3147; x_wconf 86' lang='grc'><strong>7</strong></span> <span class='ocrx_word' id='word_1_310' title='bbox 416 3092 591 3147; x_wconf 82' lang='lat' dir='ltr'><strong>numeratus</strong></span> <span class='ocrx_word' id='word_1_311' title='bbox 607 3092 670 3158; x_wconf 90' lang='lat' dir='ltr'><strong>eat,</strong></span> <span class='ocrx_word' id='word_1_312' title='bbox 704 3078 774 3141; x_wconf 84' lang='lat' dir='ltr'><strong>lud.</strong></span> <span class='ocrx_word' id='word_1_313' title='bbox 792 3081 848 3155; x_wconf 87' lang='lat'><strong>14,</strong></span> <span class='ocrx_word' id='word_1_314' title='bbox 867 3099 901 3149; x_wconf 81' lang='lat' dir='ltr'><strong>a.</strong></span> <span class='ocrx_word' id='word_1_315' title='bbox 919 3080 956 3141; x_wconf 79' lang='grc'>0.</span> <span class='ocrx_word' id='word_1_316' title='bbox 976 3081 1057 3155; x_wconf 90' lang='grc'>610,</span> <span class='ocrx_word' id='word_1_317' title='bbox 1087 3090 1227 3139; x_wconf 82' lang='lat' dir='ltr'><strong>utentes</strong></span> 
     </span>
     <span class='ocr_line' id='line_1_34' title="bbox 125 3166 1226 3249; baseline -0.004 -24"><span class='ocrx_word' id='word_1_318' title='bbox 125 3166 280 3247; x_wconf 87' lang='lat' dir='ltr'><strong>probatum</strong></span> <span class='ocrx_word' id='word_1_319' title='bbox 294 3178 349 3242; x_wconf 84' lang='lat' dir='ltr'><strong>est,</strong></span> <span class='ocrx_word' id='word_1_320' title='bbox 369 3178 567 3249; x_wconf 84' lang='lat' dir='ltr'><strong>mortuusque</strong></span> <span class='ocrx_word' id='word_1_321' title='bbox 581 3178 626 3227; x_wconf 87' lang='lat' dir='ltr'><strong>est</strong></span> <span class='ocrx_word' id='word_1_322' title='bbox 642 3188 671 3227; x_wconf 89' lang='lat' dir='ltr'><strong>a.</strong></span> <span class='ocrx_word' id='word_1_323' title='bbox 686 3166 747 3231; x_wconf 89' lang='grc'><strong>641</strong></span> <span class='ocrx_word' id='word_1_324' title='bbox 762 3166 865 3227; x_wconf 83' lang='lat' dir='ltr'><strong>Martii</strong></span> <span class='ocrx_word' id='word_1_325' title='bbox 881 3166 939 3241; x_wconf 86' lang='lat'><strong>11,</strong></span> <span class='ocrx_word' id='word_1_326' title='bbox 959 3166 1119 3247; x_wconf 79' lang='lat' dir='ltr'><strong>imperarit</strong></span> <span class='ocrx_word' id='word_1_327' title='bbox 1137 3185 1169 3249; x_wconf 75' lang='lat' dir='ltr'><strong>a.</strong></span> <span class='ocrx_word' id='word_1_328' title='bbox 1183 3168 1226 3229; x_wconf 84' lang='grc'>30</span> 
     </span>
     <span class='ocr_line' id='line_1_35' title="bbox 125 3250 1226 3332; baseline 0 -22"><span class='ocrx_word' id='word_1_329' title='bbox 125 3273 240 3314; x_wconf 81' lang='lat' dir='ltr'><strong>menses</strong></span> <span class='ocrx_word' id='word_1_330' title='bbox 254 3252 276 3319; x_wconf 82' lang='lat'>5</span> <span class='ocrx_word' id='word_1_331' title='bbox 292 3250 357 3314; x_wconf 82' lang='lat' dir='ltr'><strong>dies</strong></span> <span class='ocrx_word' id='word_1_332' title='bbox 371 3250 404 3317; x_wconf 87' lang='grc'>6.</span> <span class='ocrx_word' id='word_1_333' title='bbox 445 3271 482 3313; x_wconf 84' lang='lat' dir='ltr'><strong>ao</strong></span> <span class='ocrx_word' id='word_1_334' title='bbox 502 3255 531 3313; x_wconf 84' lang='lat' dir='ltr'><strong>si</strong></span> <span class='ocrx_word' id='word_1_335' title='bbox 551 3272 646 3315; x_wconf 86' lang='lat' dir='ltr'><strong>annos</strong></span> <span class='ocrx_word' id='word_1_336' title='bbox 667 3253 710 3317; x_wconf 84' lang='grc'><strong>66</strong></span> <span class='ocrx_word' id='word_1_337' title='bbox 731 3253 827 3331; x_wconf 84' lang='lat' dir='ltr'><strong>vixit,</strong></span> <span class='ocrx_word' id='word_1_338' title='bbox 856 3253 1006 3332; x_wconf 85' lang='lat' dir='ltr'><strong>imperare</strong></span> <span class='ocrx_word' id='word_1_339' title='bbox 1024 3252 1124 3331; x_wconf 88' lang='lat' dir='ltr'><strong>coepit</strong></span> <span class='ocrx_word' id='word_1_340' title='bbox 1140 3259 1226 3310; x_wconf 86' lang='lat' dir='ltr'><strong>aeta-</strong></span> 
     </span>
     <span class='ocr_line' id='line_1_36' title="bbox 126 3338 228 3406; baseline 0 -9"><span class='ocrx_word' id='word_1_341' title='bbox 126 3340 163 3397; x_wconf 87' lang='lat' dir='ltr'><strong>tis</strong></span> <span class='ocrx_word' id='word_1_342' title='bbox 177 3338 228 3406; x_wconf 77' lang='lat'><strong>35.</strong></span> 
     </span>
    </p>

    <p class='ocr_par' dir='ltr' id='par_1_11' title="bbox 128 3411 1223 3589">
     <span class='ocr_line' id='line_1_37' title="bbox 205 3411 1223 3503; baseline -0.013 -16"><span class='ocrx_word' id='word_1_343' title='bbox 205 3444 236 3503; x_wconf 85' lang='lat' dir='ltr'><strong>p·</strong></span> <span class='ocrx_word' id='word_1_344' title='bbox 250 3426 291 3491; x_wconf 80' lang='lat'><strong>33</strong></span> <span class='ocrx_word' id='word_1_345' title='bbox 304 3443 335 3484; x_wconf 83' lang='lat' dir='ltr'><strong>v.</strong></span> <span class='ocrx_word' id='word_1_346' title='bbox 348 3421 382 3488; x_wconf 80' lang='grc'><strong>8.</strong></span> <span class='ocrx_word' id='word_1_347' title='bbox 426 3415 616 3503; x_wconf 59' lang='lat' dir='ltr'><strong>itanum]</strong></span> <span class='ocrx_word' id='word_1_348' title='bbox 638 3418 740 3499; x_wconf 81' lang='lat' dir='ltr'><strong>deest,</strong></span> <span class='ocrx_word' id='word_1_349' title='bbox 767 3431 803 3481; x_wconf 89' lang='lat' dir='ltr'><strong>ut</strong></span> <span class='ocrx_word' id='word_1_350' title='bbox 814 3423 938 3501; x_wconf 87' lang='lat' dir='ltr'><strong>opinor,</strong></span> <span class='ocrx_word' id='word_1_351' title='bbox 959 3411 1015 3485; x_wconf 72' lang='grc' dir='ltr'><strong>τόν</strong></span> <span class='ocrx_word' id='word_1_352' title='bbox 1027 3414 1099 3483; x_wconf 72' lang='lat' dir='ltr'><strong>uide</strong></span> <span class='ocrx_word' id='word_1_353' title='bbox 1114 3429 1166 3479; x_wconf 89' lang='lat' dir='ltr'><strong>aut</strong></span> <span class='ocrx_word' id='word_1_354' title='bbox 1178 3418 1223 3479; x_wconf 82' lang='lat' dir='ltr'><strong>si-</strong></span> 
     </span>
     <span class='ocr_line' id='line_1_38' title="bbox 128 3504 1158 3589; baseline -0.003 -23"><span class='ocrx_word' id='word_1_355' title='bbox 128 3508 195 3567; x_wconf 87' lang='lat' dir='ltr'><strong>mile</strong></span> <span class='ocrx_word' id='word_1_356' title='bbox 211 3507 378 3589; x_wconf 87' lang='lat' dir='ltr'><strong>quidpiam.</strong></span> <span class='ocrx_word' id='word_1_357' title='bbox 419 3508 563 3569; x_wconf 85' lang='lat' dir='ltr'><strong>monebat</strong></span> <span class='ocrx_word' id='word_1_358' title='bbox 576 3504 747 3589; x_wconf 84' lang='lat' dir='ltr'><strong>Philagrius</strong></span> <span class='ocrx_word' id='word_1_359' title='bbox 763 3508 810 3569; x_wconf 88' lang='lat' dir='ltr'><strong>uti</strong></span> <span class='ocrx_word' id='word_1_360' title='bbox 822 3506 886 3566; x_wconf 86' lang='lat' dir='ltr'><strong>filio</strong></span> <span class='ocrx_word' id='word_1_361' title='bbox 899 3525 954 3567; x_wconf 89' lang='lat' dir='ltr'><strong>suo</strong></span> <span class='ocrx_word' id='word_1_362' title='bbox 965 3506 1158 3587; x_wconf 76' lang='lat' dir='ltr'><strong>prospiceret.</strong></span> 
     </span>
    </p>

    <p class='ocr_par' dir='ltr' id='par_1_12' title="bbox 129 3589 1326 4189">
     <span class='ocr_line' id='line_1_39' title="bbox 207 3589 1221 3679; baseline -0.004 -28"><span class='ocrx_word' id='word_1_363' title='bbox 207 3592 248 3652; x_wconf 84' lang='lat' dir='ltr'><strong>ib.</strong></span> <span class='ocrx_word' id='word_1_364' title='bbox 269 3614 301 3653; x_wconf 82' lang='lat' dir='ltr'><strong>r.</strong></span> <span class='ocrx_word' id='word_1_365' title='bbox 324 3598 377 3661; x_wconf 91' lang='lat'><strong>10.</strong></span> <span class='ocrx_word' id='word_1_366' title='bbox 419 3589 660 3677; x_wconf 71' lang='grc' dir='ltr'><em>συμβασιλεύσας</em></span> <span class='ocrx_word' id='word_1_367' title='bbox 673 3590 707 3657; x_wconf 71' lang='lat' dir='ltr'><strong>di</strong></span> <span class='ocrx_word' id='word_1_368' title='bbox 721 3598 765 3679; x_wconf 76' lang='grc' dir='ltr'><strong>τῷ</strong></span> <span class='ocrx_word' id='word_1_369' title='bbox 779 3590 891 3675; x_wconf 55' lang='lat' dir='ltr'><strong>meet]</strong></span> <span class='ocrx_word' id='word_1_370' title='bbox 911 3602 1001 3651; x_wconf 88' lang='lat' dir='ltr'><strong>natus</strong></span> <span class='ocrx_word' id='word_1_371' title='bbox 1016 3599 1071 3667; x_wconf 84' lang='lat' dir='ltr'><strong>est,</strong></span> <span class='ocrx_word' id='word_1_372' title='bbox 1085 3599 1119 3649; x_wconf 89' lang='lat' dir='ltr'><strong>ut</strong></span> <span class='ocrx_word' id='word_1_373' title='bbox 1132 3600 1221 3649; x_wconf 87' lang='lat' dir='ltr'><strong>autea</strong></span> 
     </span>
     <span class='ocr_line' id='line_1_40' title="bbox 129 3668 1221 3757; baseline -0.004 -20"><span class='ocrx_word' id='word_1_374' title='bbox 129 3681 307 3757; x_wconf 81' lang='lat' dir='ltr'><strong>notavimus,</strong></span> <span class='ocrx_word' id='word_1_375' title='bbox 328 3676 397 3741; x_wconf 87' lang='lat' dir='ltr'><strong>lnd.</strong></span> <span class='ocrx_word' id='word_1_376' title='bbox 414 3680 472 3755; x_wconf 85' lang='lat'><strong>15,</strong></span> <span class='ocrx_word' id='word_1_377' title='bbox 493 3680 568 3739; x_wconf 82' lang='lat' dir='ltr'><strong>Maii</strong></span> <span class='ocrx_word' id='word_1_378' title='bbox 582 3678 619 3755; x_wconf 89' lang='grc'><strong>6,</strong></span> <span class='ocrx_word' id='word_1_379' title='bbox 640 3698 669 3737; x_wconf 85' lang='lat' dir='ltr'><strong>a.</strong></span> <span class='ocrx_word' id='word_1_380' title='bbox 685 3682 759 3744; x_wconf 88' lang='grc'>612.</span> <span class='ocrx_word' id='word_1_381' title='bbox 802 3668 960 3739; x_wconf 77' lang='lat' dir='ltr'><strong>doronatus</strong></span> <span class='ocrx_word' id='word_1_382' title='bbox 973 3696 1046 3735; x_wconf 85' lang='lat' dir='ltr'><strong>vero</strong></span> <span class='ocrx_word' id='word_1_383' title='bbox 1062 3674 1170 3735; x_wconf 87' lang='lat' dir='ltr'><strong>eodem</strong></span> <span class='ocrx_word' id='word_1_384' title='bbox 1183 3694 1221 3749; x_wconf 86' lang='lat' dir='ltr'><strong>a.,</strong></span> 
     </span>
     <span class='ocr_line' id='line_1_41' title="bbox 131 3760 1311 3846; baseline -0.008 -21"><span class='ocrx_word' id='word_1_385' title='bbox 131 3760 192 3825; x_wconf 89' lang='lat' dir='ltr'><strong>lnd.</strong></span> <span class='ocrx_word' id='word_1_386' title='bbox 209 3766 238 3842; x_wconf 89' lang='lat'><strong>1,</strong></span> <span class='ocrx_word' id='word_1_387' title='bbox 256 3766 330 3825; x_wconf 86' lang='lat' dir='ltr'><strong>Deo.</strong></span> <span class='ocrx_word' id='word_1_388' title='bbox 344 3763 398 3831; x_wconf 87' lang='grc'><strong>26.</strong></span> <span class='ocrx_word' id='word_1_389' title='bbox 439 3766 599 3845; x_wconf 85' lang='lat' dir='ltr'><strong>imperarit</strong></span> <span class='ocrx_word' id='word_1_390' title='bbox 615 3765 899 3844; x_wconf 65' lang='lat' dir='ltr'><strong>conparasse,</strong></span> <span class='ocrx_word' id='word_1_391' title='bbox 919 3772 990 3843; x_wconf 85' lang='lat' dir='ltr'><strong>post</strong></span> <span class='ocrx_word' id='word_1_392' title='bbox 1002 3763 1136 3846; x_wconf 84' lang='lat' dir='ltr'><strong>parentis</strong></span> <span class='ocrx_word' id='word_1_393' title='bbox 1154 3762 1220 3820; x_wconf 87' lang='lat' dir='ltr'><strong>obi·</strong></span> <span class='ocrx_word' id='word_1_394' title='bbox 1237 3770 1261 3828; x_wconf 78' lang='lat'><strong>1²</strong></span> <span class='ocrx_word' id='word_1_395' title='bbox 1276 3770 1311 3830; x_wconf 75' lang='grc'><strong>74</strong></span> 
     </span>
     <span class='ocr_line' id='line_1_42' title="bbox 132 3842 1326 3931; baseline -0.007 -20"><span class='ocrx_word' id='word_1_396' title='bbox 132 3862 190 3911; x_wconf 88' lang='lat' dir='ltr'><strong>tuns</strong></span> <span class='ocrx_word' id='word_1_397' title='bbox 202 3870 322 3912; x_wconf 83' lang='lat' dir='ltr'><strong>menses</strong></span> <span class='ocrx_word' id='word_1_398' title='bbox 335 3850 367 3915; x_wconf 88' lang='grc'><strong>4.</strong></span> <span class='ocrx_word' id='word_1_399' title='bbox 408 3860 440 3911; x_wconf 85' lang='lat' dir='ltr'><strong>at</strong></span> <span class='ocrx_word' id='word_1_400' title='bbox 452 3848 639 3931; x_wconf 83' lang='lat' dir='ltr'><strong>Nicephorus</strong></span> <span class='ocrx_word' id='word_1_401' title='bbox 658 3862 760 3910; x_wconf 88' lang='lat' dir='ltr'><strong>noster</strong></span> <span class='ocrx_word' id='word_1_402' title='bbox 775 3851 977 3929; x_wconf 79' lang='lat' dir='ltr'><strong>supervixisse</strong></span> <span class='ocrx_word' id='word_1_403' title='bbox 997 3848 1039 3905; x_wconf 89' lang='lat' dir='ltr'><strong>ait</strong></span> <span class='ocrx_word' id='word_1_404' title='bbox 1060 3842 1125 3906; x_wconf 88' lang='lat' dir='ltr'><strong>dies</strong></span> <span class='ocrx_word' id='word_1_405' title='bbox 1141 3843 1221 3905; x_wconf 91' lang='lat' dir='ltr'><strong>dun-</strong></span> <span class='ocrx_word' id='word_1_406' title='bbox 1323 3867 1326 3873; x_wconf 90' lang='lat'>·</span> 
     </span>
     <span class='ocr_line' id='line_1_43' title="bbox 133 3930 1222 4021; baseline -0.007 -26"><span class='ocrx_word' id='word_1_407' title='bbox 133 3946 207 3995; x_wconf 84' lang='lat' dir='ltr'><strong>taxat</strong></span> <span class='ocrx_word' id='word_1_408' title='bbox 224 3938 297 4003; x_wconf 90' lang='grc'>103.</span> <span class='ocrx_word' id='word_1_409' title='bbox 338 3956 431 4021; x_wconf 89' lang='lat' dir='ltr'><strong>quare</strong></span> <span class='ocrx_word' id='word_1_410' title='bbox 446 3946 640 3999; x_wconf 75' lang='lat' dir='ltr'><strong>mouuusest</strong></span> <span class='ocrx_word' id='word_1_411' title='bbox 655 3930 1036 4009; x_wconf 80' lang='grc' dir='ltr'>Ιωι.220.0.641,101.</span> <span class='ocrx_word' id='word_1_412' title='bbox 1053 3930 1111 3997; x_wconf 68' lang='lat'><strong>14:</strong></span> <span class='ocrx_word' id='word_1_413' title='bbox 1148 3952 1222 3991; x_wconf 88' lang='lat' dir='ltr'><strong>cou-</strong></span> 
     </span>
     <span class='ocr_line' id='line_1_44' title="bbox 134 4019 1222 4102; baseline -0.006 -21"><span class='ocrx_word' id='word_1_414' title='bbox 134 4022 256 4081; x_wconf 87' lang='lat' dir='ltr'><strong>sentiunt</strong></span> <span class='ocrx_word' id='word_1_415' title='bbox 276 4026 435 4102; x_wconf 83' lang='lat' dir='ltr'><strong>scriptores</strong></span> <span class='ocrx_word' id='word_1_416' title='bbox 446 4021 487 4081; x_wconf 86' lang='lat' dir='ltr'><strong>ad</strong></span> <span class='ocrx_word' id='word_1_417' title='bbox 498 4042 594 4082; x_wconf 90' lang='lat' dir='ltr'><strong>uuum</strong></span> <span class='ocrx_word' id='word_1_418' title='bbox 609 4041 713 4083; x_wconf 84' lang='lat' dir='ltr'><strong>omnes</strong></span> <span class='ocrx_word' id='word_1_419' title='bbox 728 4024 808 4081; x_wconf 88' lang='lat' dir='ltr'><strong>clasn</strong></span> <span class='ocrx_word' id='word_1_420' title='bbox 826 4021 916 4079; x_wconf 88' lang='lat' dir='ltr'><strong>illuns</strong></span> <span class='ocrx_word' id='word_1_421' title='bbox 928 4039 1045 4079; x_wconf 81' lang='lat' dir='ltr'><strong>veneno</strong></span> <span class='ocrx_word' id='word_1_422' title='bbox 1059 4038 1078 4076; x_wconf 90' lang='lat' dir='ltr'><strong>a</strong></span> <span class='ocrx_word' id='word_1_423' title='bbox 1093 4019 1222 4076; x_wconf 81' lang='lat' dir='ltr'><strong>Martius</strong></span> 
     </span>
     <span class='ocr_line' id='line_1_45' title="bbox 136 4106 644 4189; baseline 0 -24"><span class='ocrx_word' id='word_1_424' title='bbox 136 4118 162 4167; x_wconf 92' lang='lat' dir='ltr'><strong>et</strong></span> <span class='ocrx_word' id='word_1_425' title='bbox 172 4106 283 4189; x_wconf 81' lang='lat' dir='ltr'><strong>Pyrrho</strong></span> <span class='ocrx_word' id='word_1_426' title='bbox 299 4106 467 4189; x_wconf 84' lang='lat' dir='ltr'><strong>patriarcha</strong></span> <span class='ocrx_word' id='word_1_427' title='bbox 482 4108 644 4168; x_wconf 84' lang='lat' dir='ltr'><strong>sublatum.</strong></span> 
     </span>
    </p>

    <p class='ocr_par' dir='ltr' id='par_1_13' title="bbox 209 4182 1117 4273">
     <span class='ocr_line' id='line_1_46' title="bbox 209 4182 1117 4273; baseline -0.008 -22"><span class='ocrx_word' id='word_1_428' title='bbox 209 4192 250 4251; x_wconf 87' lang='lat' dir='ltr'><strong>ib.</strong></span> <span class='ocrx_word' id='word_1_429' title='bbox 275 4214 306 4253; x_wconf 87' lang='lat' dir='ltr'><strong>r.</strong></span> <span class='ocrx_word' id='word_1_430' title='bbox 326 4194 378 4261; x_wconf 89' lang='grc'><strong>16.</strong></span> <span class='ocrx_word' id='word_1_431' title='bbox 421 4186 521 4269; x_wconf 63' lang='lat' dir='ltr'><strong>adisis</strong></span> <span class='ocrx_word' id='word_1_432' title='bbox 534 4186 592 4257; x_wconf 80' lang='grc' dir='ltr'><strong>οὖν</strong></span> <span class='ocrx_word' id='word_1_433' title='bbox 605 4188 702 4257; x_wconf 79' lang='grc' dir='ltr'><strong><em>τόντε</em></strong></span> <span class='ocrx_word' id='word_1_434' title='bbox 717 4182 851 4273; x_wconf 79' lang='grc' dir='ltr'><strong><em>πατρός]</em></strong></span> <span class='ocrx_word' id='word_1_435' title='bbox 872 4186 923 4249; x_wconf 89' lang='lat' dir='ltr'><strong>adi</strong></span> <span class='ocrx_word' id='word_1_436' title='bbox 938 4186 1117 4249; x_wconf 83' lang='lat' dir='ltr'><strong>cedrenum.</strong></span> 
     </span>
    </p>

    <p class='ocr_par' dir='ltr' id='par_1_14' title="bbox 209 4268 1223 4358">
     <span class='ocr_line' id='line_1_47' title="bbox 209 4268 1223 4358; baseline -0.016 -17"><span class='ocrx_word' id='word_1_437' title='bbox 209 4278 252 4337; x_wconf 79' lang='lat' dir='ltr'><strong>ib.</strong></span> <span class='ocrx_word' id='word_1_438' title='bbox 275 4300 306 4341; x_wconf 80' lang='lat' dir='ltr'><strong>v·</strong></span> <span class='ocrx_word' id='word_1_439' title='bbox 324 4282 379 4345; x_wconf 80' lang='grc'>23.</span> <span class='ocrx_word' id='word_1_440' title='bbox 408 4274 672 4358; x_wconf 67' lang='grc' dir='ltr'>00101εο010ος11]</span> <span class='ocrx_word' id='word_1_441' title='bbox 694 4286 757 4339; x_wconf 88' lang='lat' dir='ltr'><strong>tota</strong></span> <span class='ocrx_word' id='word_1_442' title='bbox 769 4274 846 4337; x_wconf 88' lang='lat' dir='ltr'><strong>haec</strong></span> <span class='ocrx_word' id='word_1_443' title='bbox 856 4276 1009 4339; x_wconf 80' lang='lat' dir='ltr'><strong>Valentini</strong></span> <span class='ocrx_word' id='word_1_444' title='bbox 1021 4271 1146 4331; x_wconf 75' lang='lat' dir='ltr'><strong>iustoria</strong></span> <span class='ocrx_word' id='word_1_445' title='bbox 1158 4268 1223 4328; x_wconf 87' lang='lat' dir='ltr'><strong>siu-</strong></span> 
     </span>
    </p>
   </div>
   <div class='ocr_carea' id='block_1_9' title="bbox 0 0 1555 4900">
    <p class='ocr_par' dir='ltr' id='par_1_15' title="bbox 0 0 1555 4900">
     <span class='ocr_line' id='line_1_48' title="bbox 0 0 1555 4900; baseline 0 0"><span class='ocrx_word' id='word_1_446' title='bbox 0 0 1555 4900; x_wconf 95' lang='lat' dir='ltr'><strong> </strong></span> 
     </span>
    </p>
   </div>
  </div>
 </body>
</html>
