3017 4900
260 301 338 382 128,
516 240 523 250 ¹
691 299 754 368 DU
778 297 919 368 claun
1001 307 1005 312 ‘'

150 481 175 538 Ρ
190 480 244 540 576
259 479 326 528 tum
337 474 474 527 sanaem
486 461 568 545 apud
578 460 762 524 Christianos
781 459 952 524 adumbrari
966 469 1091 522 mactat.
1122 459 1271 522 eiusmodi
1285 481 1362 524 vero

258 549 419 614 aurearum
433 561 465 610 et
475 561 684 630 argentearmn
699 549 907 608 columbarum
917 547 1061 606 altaribus
1074 566 1129 607 seu
1140 550 1232 608 sacris
1245 551 1362 608 mensis

259 649 291 699 et
304 641 378 718 ipsis
393 639 484 695 etiam
496 637 737 716 baptisteriorum
750 635 883 694 fontibus
897 634 1121 692 imminentium
1133 635 1272 692 meminit
1282 651 1362 715 syn-

257 721 334 786 odus
354 723 375 786 b
403 723 562 801 cpolitano
580 723 648 780 Act.
668 721 706 796 6,
743 721 777 778 in
805 738 866 801 qua
891 720 1079 778 continentur
1101 720 1361 798 expostulationes

258 811 332 869 cleri
348 805 490 867 adversus
502 807 665 881 Severum,
695 805 749 886 qui
770 805 923 864 columbas
944 805 1048 863 altaris
1066 813 1097 864 et
1113 803 1281 883 baptisterii
1299 805 1361 864 ab·

257 895 399 960 st'ulerat:
423 888 478 966 τοὶς
496 887 553 974 γαρ
573 891 617 966 εἰς
639 883 812 953 educatori
834 887 924 972 dyicu
942 883 1112 969 πνεύματος
1127 892 1239 971 χρυσᾶς
1255 911 1287 952 τι
1303 887 1361 953 sai

257 972 393 1061 ἆρμαρᾶς
405 976 592 1057 κρεμαμένας
605 971 751 1057 α’πιρᾶνοι
764 978 827 1038 adv
839 975 935 1038 θείων
944 975 1168 1055 κολυμβηθροὸν
1181 974 1233 1036 καὶ
1246 981 1360 1038 θυσια-

258 1067 388 1145 σιηρέοον
402 1058 476 1143 μετὰ
489 1066 551 1125 τῶν
564 1062 783 1165 depascimur,
804 1057 898 1142 λέγων
913 1054 952 1122 od
964 1063 1073 1140 χρῆναι
1085 1059 1118 1122 έν
1133 1058 1207 1121 tides
1219 1078 1361 1139 περιστι-

257 1153 318 1232 ρᾶς
331 1142 534 1227 ὀνομάζεσθαι
546 1143 580 1210 sd
595 1168 683 1226 ανιον
695 1148 825 1225 πνεῦμα.
869 1163 946 1224 quae
965 1142 1089 1224 quidem
1104 1143 1194 1202 verba
1208 1141 1361 1204 habentur

148 1241 154 1262 ⁸
259 1237 353 1293 etiam
366 1234 430 1297 int
445 1229 568 1310 Syncdo
581 1233 646 1290 Act.
659 1229 691 1292 5.
726 1249 832 1290 verum
847 1232 903 1289 etsi
916 1229 1069 1290 columbas
1081 1229 1222 1288 altaribus
1235 1233 1361 1310 impen-

258 1317 341 1378 disse
355 1337 395 1376 ex
408 1314 544 1375 hocloco
557 1335 619 1375 non
632 1317 755 1376 omnino
770 1325 894 1391 constet,
917 1315 944 1374 is
959 1325 1061 1373 tamen
1075 1314 1268 1374 ecclesiarum
1283 1334 1361 1374 usus

259 1405 397 1464 eceteris
410 1403 610 1481 scriptoribus,
631 1401 748 1460 Latinis
761 1401 968 1479 potissimum,
990 1401 1156 1479 colligitur,
1180 1403 1361 1479 praesertim

259 1507 303 1548 ex
317 1488 444 1547 Paulino
458 1489 545 1568 epist.
559 1488 601 1550 12
623 1483 663 1544 ad
674 1486 840 1564 Severum,
872 1486 925 1546 ubi
941 1495 1039 1546 totum
1061 1485 1162 1546 sltem
1180 1497 1361 1567 apparatum

259 1571 419 1634 describit:

425 1667 454 1714 et
464 1675 524 1735 per
537 1653 708 1714 columbam
720 1657 844 1735 epiritns
860 1666 982 1716 emicare
987 1657 1077 1735 fluit.

259 1753 414 1824 praeterea
429 1761 469 1800 ex
482 1751 660 1801 testamento
674 1744 816 1821 Perpetui
830 1744 978 1822 episcopi,
1000 1744 1084 1800 cuim
1099 1740 1302 1815 meminimus,
1322 1739 1361 1800 in

258 1848 322 1910 quo
336 1826 429 1886 donat
448 1836 478 1885 et
492 1827 574 1904 legat
586 1825 749 1884 Amlario
757 1825 927 1906 presbytera
941 1827 1100 1906 capsulam
1114 1847 1210 1884 unam
1223 1845 1363 1884 comnm-

258 1934 329 1973 ποια
343 1913 380 1970 de
394 1913 500 1984 ιινίοος
520 1913 590 1968 item
599 1913 791 1990 paractericum
805 1922 834 1970 et
846 1911 1016 1970 columbam
1026 1922 1199 1992 argenteam
1214 1911 1258 1970 ud
1269 1930 1363 1988 repn-

258 1999 405 2058 ritcrinm·
450 2014 511 2076 quo
526 1997 594 2055 loco
604 1998 793 2073 percita-inm
808 2016 1012 2078 synonymum
1023 1997 1142 2057 videtur
1157 2015 1225 2056 cum
1239 1997 1363 2056 colum-

256 2084 314 2144 ba:
337 2091 383 2140 eet
401 2081 485 2140 enim
507 2082 628 2140 Graecis
647 2079 850 2160 περιστέριον,
879 2093 913 2141 ut
929 2093 959 2141 et
973 2083 1206 2164 περισιερέδιον,
1232 2083 1362 2162 pamm

257 2188 314 2231 sen
326 2169 425 2226 minor
438 2166 596 2240 columba3
624 2168 685 2226 nisi
696 2167 814 2226 locnlna
826 2167 933 2242 fuerit,
954 2169 987 2225 in
1000 2187 1060 2248 quo
1074 2171 1140 2248 ipsa
1152 2169 1362 2226 continebatur

257 2253 408 2312 columba.
429 2253 492 2311 scio
498 2249 667 2333 περιστέρια
675 2249 824 2333 quaedam
836 2247 987 2335 aoopdpsa
1000 2251 1060 2312 dici
1071 2251 1152 2333 apud
1160 2251 1360 2334 Hesychium.

255 2336 340 2400 bunc
356 2347 511 2417 praeterea
525 2357 641 2396 morem
660 2340 765 2396 astruit
778 2336 933 2398 Udalricur
949 2340 1089 2398 Consuet.
1105 2340 1238 2398 Cluniae.
1256 2343 1276 2403 2
1298 2341 1359 2401 8οε

252 2424 445 2505 μοιάἰοεοπι
456 2433 557 2481 amem
568 2423 712 2503 pyxidem
719 2456 762 2469 -
771 2423 915 2485 άίιιοοπιιι
927 2441 996 2483 cnm
1009 2423 1148 2485 columba
1162 2427 1361 2507 iargiterpen-

256 2510 345 2569 dente
361 2529 452 2587 nuper
466 2508 565 2579 altare
584 2542 628 2556 -·
647 2508 805 2569 abeauhd.
851 2520 881 2569 et
898 2512 916 2572 1
938 2508 975 2573 9:
1007 2512 1091 2589 iprae
1111 2522 1212 2569 anian
1228 2510 1360 2579 manne,

258 2615 330 2653 cam
340 2594 463 2673 suerint
481 2605 670 2652 coneecrctce
678 2637 690 2666 ,
723 2604 881 2653 mutarunt
898 2605 1040 2673 quattuor
1061 2618 1131 2653 enm
1150 2595 1361 2677 illaqueent

253 2680 368 2759 pyxide
387 2689 416 2735 et
433 2699 528 2737 antea
541 2678 681 2737 columba
692 2700 783 2757 snper
794 2680 891 2739 altare
900 2680 1048 2757 pendente
1061 2684 1171 2761 ἰκρίων
1183 2691 1359 2749 canantur,

257 2766 389 2823 maxime
398 2774 520 2840 propter
534 2764 681 2837 irifirnrcs,
702 2775 738 2821 ut
749 2766 896 2845 quicquid
906 2766 943 2823 de
956 2768 997 2823 eir
1009 2769 1139 2837 eveniat,
1161 2769 1306 2827 amaeam
1318 2767 1361 2822 sit

258 2851 294 2909 in
305 2859 461 2927 promptu.
505 2852 644 2908 meminit
658 2847 787 2929 denique
803 2852 978 2911 Anactesiue
990 2854 1024 2909 in
1038 2853 1152 2911 Hilario
1170 2854 1246 2913 et'S.
1263 2856 1359 2911 luno·

258 2937 358 2994 centio
378 2936 429 2992 PP
442 2930 603 2993 'eiusmodi
624 2934 831 2995 columbarum
855 2934 997 2996 altaribus
1023 2936 1273 3018 impendentium.
1317 2954 1359 2995 ex

258 3021 369 3102 quibus
393 3039 463 3077 eum
479 3021 640 3079 invaluiese
658 3023 690 3078 iu
706 3022 831 3079 ecclesia
847 3022 983 3080 orientali
999 3033 1029 3080 et
1043 3022 1219 3083 occidentali
1240 3044 1358 3084 rnorem

259 3103 380 3165 abunde
397 3106 563 3184 colligitur,
585 3103 772 3186 proindeque
783 3104 947 3166 admodum
961 3126 1030 3167 vero
1044 3128 1109 3167 esee
1124 3110 1223 3168 cirnile
1238 3110 1358 3170 colum-

257 3190 331 3251 bam
342 3210 429 3249 suam
442 3200 472 3248 et
486 3189 633 3269 pyxidem
648 3188 789 3249 habuisse
803 3192 948 3251 ciborium
963 3188 1161 3271 Sophianum.

345 3274 397 3339 65.
438 3278 551 3335 Verum
569 3296 639 3335 cnm
653 3294 672 3333 a
687 3279 779 3355 sacris
792 3275 890 3355 adytis
904 3287 1060 3337 arceantur
1073 3278 1202 3358 profani,
1223 3282 1357 3361 solisque

259 3359 314 3417 illa
329 3356 530 3419 sacerdotibus
544 3364 646 3439 pervia
659 3364 737 3436 sint,
770 3360 898 3439 gradum
917 3362 1058 3421 referenti
1079 3366 1169 3423 liceat
1194 3386 1264 3425 cum
1290 3370 1356 3446 ipso

259 3444 432 3504 silentiario
450 3454 527 3523 part.
540 3450 562 3507 2
578 3465 609 3504 v.
623 3448 684 3509 888
698 3448 731 3503 iu
743 3443 820 3505 haec
832 3447 924 3506 verba
935 3467 1148 3527 prorumpere:

383 3528 655 3695 artenii
664 3524 1127 3697 :Jteifuucitti

384 3692 458 3777 μηδ’
473 3698 516 3761 ἔτι
529 3694 717 3783 γομνοίσειας
729 3695 751 3762 i*
763 3698 806 3783 μή
822 3700 912 3783 θέμις
926 3642 1037 3781 ὅμμιέέι
1053 3705 1141 3765 tuac.

383 3776 560 3865 profundior
579 3781 610 3849 δ’
622 3781 686 3848 ν’πδ
700 3786 802 3867 χερσὶν
816 3780 899 3861 ὅσοις
909 3785 975 3851 τόδε
989 3787 1089 3869 θέαμα
1102 3782 1226 3867 κελεύει,

385 3870 531 3949 ludovice
547 3873 670 3935 Φοίνικι
683 3870 872 3951 βεβαμμένον
888 3868 983 3935 ἄνθεϊ
998 3872 1106 3952 κόχλον

383 3956 484 4035 φᾶρος
498 3951 726 4033 έφαπλιέσανεες
739 3956 867 4037 έρέψαεε
880 3962 962 4021 voitu
973 3959 1127 4040 τραπέζης,

256 4090 262 4097 ,
382 4036 500 4118 τέτρασι
512 4035 543 4102 d’
561 4036 740 4126 α’ργυρέρσιν
753 4042 804 4105 ini
817 4047 964 4128 πλευρῇσι
978 4039 1150 4120 καλύπτρας

384 4114 522 4204 dociae
534 4125 775 4205 εἰσπειάσαντες,
796 4120 934 4210 ἀπείρονι
949 4130 1063 4205 δείξατε
1077 4122 1164 4214 δήμῳ

381 4204 495 4289 χρυσὸν
511 4206 592 4286 ἅλις,
614 4223 671 4270 etc.

254 4291 339 4369 soba,
360 4292 495 4377 inquam,
515 4295 720 4357 sacerdotibus
730 4304 836 4375 patent
851 4307 881 4357 et
895 4296 1000 4357 altaria
1012 4307 1044 4357 et
1058 4316 1264 4381 quaecumque
1278 4301 1353 4359 tntrs
