3017 4900
253 331 326 404 112
693 331 755 401 ml
780 329 923 402 GANGII

251 499 396 561 nutibus.
437 489 577 578 δαεοδδν
589 519 622 561 ιε
635 495 793 579 μηνοειδές
805 521 835 561 τι
845 490 924 583 αὐτῇ
937 493 1038 579 ἕτερον
1051 499 1114 570 τοῖς
1126 493 1283 580 προσεχέσι
1296 499 1337 576 τῆ
1337 519 1356 570 ς

251 585 429 665 οἰκοδομίας
443 583 580 669 δπῇοιαι,
602 589 642 670 τῇ
655 582 710 664 μὲν
723 579 887 690 sdnpsnslp
900 579 1085 662 θαυμάσιον,
1107 587 1149 668 τῷ
1163 581 1196 644 δὲ
1209 586 1357 662 σφαλερῷ

249 675 307 750 τῆς
323 669 496 743 συνθέσεως
508 671 624 732 δοκοῦν
638 692 667 732 τι
682 691 726 748 φο
748 691 818 750 ερον
837 663 915 732 εἶναι
930 664 1018 741 ὅλως.
1060 669 1146 731 δοκεῖ
1159 664 1216 752 γάρ
1232 691 1274 748 πη
1294 663 1357 730 odra

251 755 287 820 ἐν
301 757 413 840 βεβαίφ
426 755 642 840 δκῃωοῆσθαι,
665 749 720 816 ttt
747 750 947 827 ἐπικινδύνως
959 759 1022 827 τοῖς
1035 749 1149 816 ἐνθάδε
1162 745 1231 817 οὖσι
1245 773 1357 834 μετεω-

253 843 409 923 ρίζεσθαι·
440 842 554 902 καίτοι
568 835 773 920 διαφερόντως
788 839 822 902 ἒν
835 844 879 923 τῷ
893 841 1005 922 βεβαίῳ
1019 843 1074 920 τῆς
1086 833 1251 917 ἀσφαλείας
1264 832 1358 918 ἐστή-

251 949 359 1009 ρικται.
400 923 434 984 id
445 929 537 984 etiam
549 928 648 1004 attigit
662 928 799 1004 Gyllius,
822 927 953 984 scribens
969 935 1082 982 exstare
1096 925 1201 1003 templi
1215 924 1356 981 antranni-

252 1022 341 1083 tutes,
362 1011 446 1069 ultra
458 1011 619 1088 cotopitas
629 1014 793 1089 proiectus,
814 1012 848 1068 in
861 1011 1007 1089 sphaerae
1020 1019 1161 1090 quartam
1170 1019 1291 1088 partem
1304 1028 1357 1071 rt·-

252 1097 399 1168 ostentu,
428 1117 463 1155 ex
483 1117 594 1175 rupem
608 1107 700 1174 parta
715 1096 864 1177 quiddam
878 1097 968 1154 lernae
982 1106 1123 1154 συνναίων
1135 1098 1168 1153 in
1183 1115 1296 1152 cornua
1311 1095 1359 1150 ei-

252 1181 323 1240 mile
339 1203 418 1260 prae
435 1203 467 1240 se
486 1193 631 1262 gerentes.
677 1180 809 1262 denique
831 1201 921 1261 supra
942 1180 1001 1240 hoc
1022 1183 1160 1240 lunatum
1183 1178 1357 1238 aedificium

253 1270 383 1347 assurgit
393 1268 495 1326 fornix
509 1269 586 1326 alins
600 1269 748 1326 excelsior
765 1287 860 1347 usque
878 1265 916 1324 ad
935 1277 1024 1345 caput
1036 1268 1177 1325 immensi
1190 1267 1276 1324 istius
1288 1265 1357 1322 for-

253 1355 340 1428 nicis,
363 1355 447 1412 ouius
458 1365 543 1432 tergo
557 1354 704 1411 incumbit
717 1351 836 1412 mediae
852 1350 936 1411 aedis
950 1363 1065 1426 vertex,
1081 1355 1126 1410 uti
1144 1350 1234 1409 habet
1249 1349 1358 1409 Silen-

254 1441 359 1497 tiarius
376 1459 408 1496 v·
423 1442 496 1502 266.
538 1440 617 1497 intra
631 1437 761 1497 conchae
778 1457 930 1497 recessum
945 1440 1103 1518 utrinque,
1127 1439 1168 1495 ait
1182 1435 1265 1494 idem
1276 1438 1357 1493 Pro-

207 1515 214 1529 ’
255 1527 377 1602 σοφίαι,
400 1525 558 1582 columnae
574 1543 591 1580 a
605 1527 779 1604 pavimento
795 1534 969 1602 assurgam,
991 1543 1052 1582 non
1069 1533 1149 1583 recto
1163 1520 1287 1603 quidem
1303 1539 1357 1578 or-

255 1607 336 1684 dine,
358 1607 412 1668 sed
425 1612 506 1668 intus
518 1612 730 1668 semioirculari
744 1611 842 1668 forma
859 1609 1029 1688 dispositae,
1052 1612 1094 1667 ita
1108 1619 1141 1666 nt
1153 1610 1210 1666 sibi
1222 1610 1356 1664 invicem

253 1705 399 1775 tanquam
420 1697 454 1751 in
476 1692 568 1753 choro
592 1707 780 1774 assurgentes
801 1698 905 1754 lunato
927 1693 1061 1753 aedificio
1081 1695 1214 1753 subsint:
1235 1685 1357 1754 τούτων

255 1776 290 1842 dl
305 1776 344 1860 δή
359 1770 410 1857 ἐφ’
427 1775 551 1860 ἑκάτερα
565 1781 665 1852 κίονες
678 1775 730 1842 ln’
743 1773 878 1856 ἐδάφους
896 1778 981 1852 εἰσίν,
1004 1775 1076 1843 οὐδὲ
1092 1771 1180 1841 αὐτοὶ
1195 1769 1256 1840 κατ’
1273 1769 1356 1837 etot

254 1863 388 1940 ἕσσοῖσες,
405 1855 474 1926 ttt'
489 1865 560 1927 elon
573 1861 649 1926 natal
664 1869 763 1944 σχῆμα
775 1861 810 1927 cd
822 1864 991 1944 ήμίκνκλον
1006 1861 1106 1945 ὥσπερ
1121 1863 1153 1927 δν
1165 1859 1253 1945 χοίρῳ
1267 1856 1359 1942 ἀλλή-

253 1953 319 2023 λοις
332 1945 618 2029 διιεξανισσδμσνοι·
637 1949 689 2010 καὶ
702 1946 804 2010 αὐτοῖν
816 1946 1018 2030 διισροῖνωθεν
1032 1944 1222 2030 οἰκοδόμημα
1237 1968 1359 2026 μηνοει-

254 2028 528 2114 statuentem.
571 2033 650 2092 hanc
670 2033 851 2093 concharum
873 2047 989 2114 partem
1012 2037 1159 2095 columnis
1178 2031 1358 2093 adornatam

253 2115 289 2182 ιδ
299 2120 444 2192 κιονοῐδες
457 2117 578 2178 ridetur
590 2121 743 2200 appellare
760 2119 961 2200 Pachymeres
979 2126 994 2183 1
1022 2125 1071 2184 19.
1115 2117 1247 2178 conchae
1265 2137 1358 2197 prae-

253 2215 336 2263 terea
350 2207 552 2284 appellatione
566 2225 627 2264 non
639 2207 735 2264 semel
748 2203 862 2266 donant
873 2210 1030 2285 scriptores
1042 2207 1250 2286 baptisterium
1263 2207 1359 2261 bate-

143 2307 166 2358 p
185 2304 238 2361 554
254 2293 389 2348 renensis
403 2291 565 2365 ecelesiae,
593 2309 685 2371 qnam
701 2291 847 2350 concham
855 2295 1078 2372 paragonioam
1085 2333 1098 2363 ,
1120 2287 1271 2349 interdum
1280 2309 1361 2366 por-

247 2375 398 2455 phyreum
423 2376 613 2434 Constantini
631 2389 720 2437 vocat
738 2381 867 2436 loannes
887 2379 1063 2437 Hocsemius
1086 2379 1118 2434 in
1137 2375 1319 2455 Engelberto
1341 2391 1360 2431 a

253 2464 356 2521 Merca
378 2466 519 2541 episcopo
538 2461 633 2522 Ireod.
656 2484 682 2521 c.
703 2462 761 2538 85,
793 2464 938 2522 conabam
953 2464 1197 2542 porphyreticum
1210 2478 1361 2539 magnum

254 2546 425 2607 Chronioon
438 2550 595 2626 Belgicam
608 2566 639 2627 p.
656 2550 727 2612 160.
741 2552 775 2607 in
788 2570 863 2629 qua,
880 2552 921 2608 ait
934 2548 1017 2607 idem
1029 2551 1215 2621 lloosemins,
1232 2547 1363 2604 intravit

259 2634 474 2691 Constantinus
486 2654 646 2713 puganna
667 2644 697 2690 et
709 2633 754 2691 ibi
766 2634 936 2714 lourssus't;
970 2633 1008 2693 de
1023 2652 1083 2715 quo
1098 2634 1286 2693 Constantini
1299 2632 1361 2688 ba-

253 2720 390 2797 ptisterio
418 2730 512 2796 agunt
533 2730 689 2798 praeterea
718 2717 923 2798 Theophanes
951 2739 979 2778 a.
1003 2722 1051 2784 18.
1095 2718 1297 2791 Constantini,
1329 2726 1361 2773 et

254 2804 431 2862 Anastasius
448 2806 482 2860 in
497 2806 552 2862 vit.
565 2806 626 2862 PP.
642 2823 673 2883 p.
690 2803 740 2879 14,
763 2809 814 2879 23,
837 2808 888 2871 28.
920 2806 957 2863 ab
974 2804 1121 2864 eiusmodi
1135 2802 1259 2885 perinde
1275 2812 1362 2859 stru-

254 2899 356 2947 cturae
372 2889 470 2947 forma
485 2887 599 2947 dictum
613 2889 672 2947 fnit
684 2892 857 2970 τοίκογχον,
883 2892 1047 2949 triclinium
1066 2893 1098 2948 in
1117 2892 1228 2971 palatio
1251 2888 1362 2967 cpoli-

254 2984 343 3047 tano,
374 2977 458 3032 onius
473 2977 586 3033 mentio
604 2985 649 3033 est
667 2976 700 3034 in
715 2972 862 3034 Chronico
880 2975 1088 3035 Alexandrino
1102 2972 1132 3055 φ.
1146 2974 1209 3038 734
1228 2984 1258 3031 et
1275 2970 1362 3051 apud

253 3062 389 3118 lreonem
400 3061 636 3118 Grammaticnm
646 3080 679 3139 p.
693 3060 756 3126 466
773 3072 803 3120 et
819 3063 890 3125 497.
912 3074 947 3121 ut
962 3071 992 3119 et
1004 3060 1086 3118 alind
1102 3064 1134 3118 in
1149 3058 1256 3119 eodem
1270 3060 1363 3137 pala-

254 3147 298 3203 tio
318 3146 483 3204 triclinium
504 3142 688 3226 ἕκτδκογχον
701 3157 909 3227 nuncupatum
922 3166 939 3204 a
951 3156 1066 3224 septem
1085 3144 1223 3217 conchis,
1247 3145 1362 3224 quibus

255 3231 419 3305 constabat,
440 3234 474 3289 in
488 3248 548 3311 qno
563 3228 665 3289 habita
676 3233 788 3309 legitur
802 3232 922 3290 collatIo
940 3230 1162 3289 catholicorum
1182 3250 1250 3289 cum
1261 3230 1363 3287 Scre-

255 3316 358 3388 rianis,
374 3318 539 3374 Iustiniano
551 3318 729 3395 imperante,
745 3335 823 3396 qnae
837 3315 965 3375 habetur
977 3320 1009 3374 in
1025 3318 1219 3374 conciliorum
1234 3313 1360 3385 codice;

255 3398 339 3479 quod
352 3398 472 3457 videtur
482 3399 565 3457 idem
574 3420 639 3459 esse
647 3420 717 3458 cnm
726 3420 761 3460 eo
770 3400 851 3482 quod
860 3404 965 3479 Hepta
972 3400 1052 3459 nude
1061 3400 1169 3459 dicitur
1177 3390 1362 3479 apudbibe-

254 3495 354 3543 ratum
363 3480 523 3543 diaconum
531 3504 557 3542 ο.
566 3486 598 3545 9.
629 3486 850 3544 observandum
859 3486 989 3567 denique
997 3483 1081 3569 lepris
1093 3484 1202 3571 κόγχην
1211 3486 1363 3565 appellari

254 3570 292 3628 ab
301 3572 433 3649 Euagrio
446 3572 547 3649 ipsum
561 3571 649 3629 bema
658 3574 799 3631 cancellis
810 3576 871 3633 suis
882 3574 1027 3631 clausum.
1045 3574 1087 3629 ait
1096 3576 1176 3630 enim
1185 3571 1362 3650 Sophianae

253 3654 337 3714 aedis
350 3654 571 3734 longitudinem
584 3674 601 3713 a
615 3668 701 3734 porta
715 3659 822 3737 templi
836 3656 966 3717 conchae
980 3660 1104 3717 obversa
1118 3656 1158 3716 ad
1171 3660 1269 3737 ipsam
1285 3674 1364 3714 con-

253 3739 358 3816 cham,
389 3740 468 3802 ἔνθα
481 3737 518 3802 ιδ
532 3745 588 3821 τῆς
600 3737 790 3819 οἶναιμᾶκτον
803 3748 997 3825 καλλιερεῐτοκ
1011 3744 1138 3816 θυσδας,
1161 3742 1274 3821 pedum
1294 3760 1362 3799 esse

255 3828 334 3899 170,
361 3829 454 3885 totius
475 3846 547 3885 vero
566 3828 674 3905 templi
696 3826 918 3907 longitudinem
939 3847 1005 3887 esse
1026 3827 1139 3907 pedrnn
1160 3830 1233 3893 260.
1277 3825 1363 3885 unde

254 3911 359 3968 confici
372 3910 492 3969 ridetur
505 3912 725 3991 longitudinem
743 3915 870 3973 bematis
884 3916 977 3973 fuisse
992 3912 1106 3995 pedum
1120 3918 1179 3989 70,
1210 3914 1364 3993 reliquam

253 3996 347 4055 fuisse
366 3998 396 4053 in
408 4016 468 4055 nao
483 4008 513 4055 et
526 4017 649 4076 pronao,
672 4001 722 4056 vel
734 4003 761 4057 si
776 4002 882 4075 maris,
902 3998 1053 4057 nartheca.

342 4081 394 4144 51.
437 4086 502 4139 lam
513 4102 586 4141 vero
601 4086 746 4142 maiorem
763 4082 917 4159 currebam,
939 4103 1016 4164 quae
1028 4086 1149 4141 Graecis
1165 4078 1362 4161 scriptoribus

256 4163 338 4223 nude
352 4161 444 4247 κόγχη
460 4166 584 4243 dicitnr,
616 4170 716 4227 Latini
731 4170 880 4228 inferioris
896 4172 1002 4229 aetatis
1020 4172 1134 4248 passim
1148 4168 1288 4227 absidam
1303 4186 1363 4245 ap-

255 4254 419 4329 pellavere.
463 4253 572 4312 diserte
587 4256 669 4311 enim
683 4258 828 4313 Paulinus
846 4258 932 4334 epist.
949 4256 990 4317 12
1007 4252 1144 4313 absidam
1161 4272 1230 4311 curn
1246 4251 1364 4311 concha

257 4336 425 4397 confindit.
466 4358 525 4398 neo
543 4337 660 4399 abludit
674 4335 852 4403 'Valafridus
872 4340 980 4400 Strabo
998 4340 1053 4401 lib.
1076 4338 1114 4399 de
1139 4340 1215 4399 Bab.
1242 4338 1362 4397 Eccles.
