3017 4900
273 280 339 328 vrrr
363 259 519 338 elnon
531 264 592 332 DU
604 265 767 334 FRESNE
779 265 940 336 DOMINI
951 267 1013 338 DU
1026 267 1163 338 GANGE
1175 271 1371 342 PRAEFAT.

273 434 348 498 odor
368 433 480 516 μικροῦ
498 427 572 508 rode
591 424 773 511 dsodmrrur,
793 432 846 498 aul
860 429 895 498 τὰ
908 430 966 519 μὲν
978 430 1116 501 καθόλου
1128 434 1273 520 ἐξετάζει,
1296 437 1371 524 elil

271 549 311 615 τοὶ
323 548 400 616 eund
415 551 514 634 piper.
556 571 661 614 verum
678 564 815 616 noeumta
829 555 1050 638 quantumlibet
1061 556 1101 618 eit
1112 576 1191 641 qnae
1202 577 1284 622 nuno
1295 577 1369 643 pno-

271 669 317 731 dit
330 669 413 732 aedis
431 669 602 752 Sophianae
615 673 789 735 elucubrata
802 693 821 734 a
834 676 931 736 Paulo
946 675 1119 739 silentiario
1131 673 1292 760 ἂφρασις,
1313 678 1370 741 vix

269 799 373 850 temen
392 811 429 852 ea
448 810 526 874 qnae
548 792 674 854 obaurro
695 795 768 855 satis
790 795 923 854 carmine
946 793 1130 880 vocibusque
1147 793 1232 858 band
1254 799 1369 878 passim

269 907 366 972 obviis
380 930 501 992 aspersa
514 911 656 990 involvit,
679 909 754 973 adeo
766 915 926 995 perspicua
941 924 1012 974 runt
1024 924 1060 975 nt
1072 913 1211 998 diligenti
1226 917 1371 977 examina

269 1032 321 1091 rel
333 1041 413 1092 uerte
427 1032 614 1111 expositione
628 1051 691 1092 non
704 1031 871 1113 indigeant.
911 1051 985 1092 nam
999 1052 1069 1093 oum
1081 1045 1182 1116 partes
1194 1036 1275 1116 ipsas
1285 1045 1371 1096 tem·

269 1151 325 1230 pli,
336 1150 549 1212 vocabulorum
568 1153 755 1232 poeticorum
777 1151 1107 1231 oironmlooutionibus,
1128 1151 1270 1235 grapbiue
1283 1155 1368 1232 lioet,

269 1267 434 1348 describat,
454 1273 587 1350 partium
607 1273 742 1352 ipserum
757 1271 897 1349 nomina,
919 1259 1002 1353 qnod
1019 1274 1169 1354 praestitit
1184 1275 1277 1333 etiam
1290 1276 1370 1334 Pro-

269 1392 393 1472 oopina,
416 1392 534 1468 omiait,
556 1391 600 1450 ita
623 1399 657 1450 nt
678 1390 793 1470 legenti
804 1408 870 1450 reru
881 1391 980 1471 magis
991 1388 1148 1452 divinandi
1160 1411 1254 1475 quana
1265 1359 1381 1454 urimo·

267 1507 455 1592 percipiendi
470 1510 571 1570 loonrn
584 1509 766 1589 praebuerit.
807 1520 990 1592 quapropter
1001 1503 1085 1571 baud
1098 1513 1251 1593 ingratum
1263 1513 1370 1574 lectori

267 1629 334 1690 fore
346 1627 423 1688 inihi
435 1629 580 1709 persuasi,
601 1629 628 1686 ei
641 1627 813 1707 Sophianae
826 1628 919 1707 aedis,
941 1639 1030 1712 atque
1043 1628 1119 1693 adeo
1130 1631 1201 1694 data
1212 1635 1370 1694 oooesione

268 1757 437 1808 oeterornm
458 1743 540 1824 apud
562 1745 692 1805 (irueeos
710 1747 908 1828 templorum,
930 1746 1162 1830 descriptionem
1178 1750 1369 1834 aggrederer,

268 1885 397 1950 eumque
412 1883 454 1929 ex
468 1863 643 1946 Byzantinis
657 1863 834 1946 praesertim
850 1865 1062 1946 eertptortbnr,
1083 1867 1199 1948 aliquot
1216 1871 1307 1929 etiam
1325 1889 1369 1931 ex

267 1987 378 2050 nortris
398 1984 614 2052 recentioribua¹
633 1981 810 2046 adornatam
824 1971 892 2046 viee
905 1986 1112 2045 oommentnii
1123 1976 1302 2046 in'l’anlnrn
1314 1987 1371 2048 Si-

266 2107 441 2168 lentiarium
455 2102 556 2164 eidem
567 2106 704 2186 scriptori
716 2105 933 2167 subnecterem.
974 2100 1056 2187 quod
1068 2123 1141 2164 sane
1152 2105 1290 2165 Lutetiae
1304 2107 1368 2165 Pa·

265 2229 422 2303 riaiornm,
445 2243 465 2284 a
477 2225 562 2285 libris
572 2223 637 2284 fere
648 2227 832 2306 imperetur,
852 2225 948 2286 serius
962 2240 1055 2307 quam
1065 2243 1120 2306 pro
1131 2233 1216 2286 tanta
1226 2224 1272 2283 rei
1283 2225 1368 2286 mole

263 2365 320 2429 par
334 2354 414 2424 erut,
433 2363 502 2405 snm
520 2363 693 2425 eggressus,
715 2349 802 2422 brnn,
822 2344 931 2404 utiam
944 2345 1046 2426 attigi,
1066 2361 1145 2425 pene
1160 2343 1296 2404 ooufeota
1306 2363 1367 2405 ro-

264 2466 389 2527 luminis
405 2461 536 2526 editione
550 2466 673 2545 elegans
685 2461 767 2525 istud
780 2470 891 2545 poema
903 2462 943 2524 ad
953 2484 1005 2525 rna
1015 2467 1211 2545 pervenisset.
1237 2461 1366 2547 proinde

264 2580 348 2644 band
366 2602 455 2665 aegre
476 2580 555 2645 milri
573 2582 792 2645 oondonaturos
808 2585 889 2645 viros
902 2580 1005 2645 dootos
1016 2581 1149 2662 oonlido,
1169 2584 1366 2645 sieommen·

264 2704 431 2764 tatiunuula
451 2704 511 2763 ista
533 2720 603 2763 mea
620 2722 683 2763 non
700 2702 740 2763 ed
753 2722 888 2784 unguem
907 2704 1043 2784 expolita
1059 2701 1213 2781 rideatur,
1244 2722 1315 2765 oum
1329 2705 1365 2763 iu

265 2840 407 2905 praesens
429 2818 508 2881 mibi
528 2820 563 2882 id
582 2823 775 2903 potissimum
792 2824 911 2884 oonsilii
929 2823 1039 2900 inerit,
1063 2832 1098 2883 ut
1116 2834 1257 2885 notarum
1269 2824 1366 2884 instar

265 2952 345 3003 esset
373 2940 414 3003 ad
441 2942 617 3022 seriptorem
641 2938 725 3002 houd
751 2944 875 3003 omnino
903 2943 1072 3003 eommunis
1095 2943 1218 3003 nutriti
1239 2943 1367 3022 saporis.

265 3080 440 3143 quanquam
457 3058 575 3121 mihine
595 3058 674 3121 hano
694 3064 881 3143 provinoiam
898 3078 1068 3141 arrogarem
1083 3060 1282 3121 dubitandum
1293 3060 1364 3138 tait,

265 3198 336 3240 onrn
358 3182 444 3241 iatius
463 3179 639 3262 publioandi
657 3183 807 3262 podmatis
824 3198 913 3261 spem
930 3182 1052 3242 feoiaset
1070 3182 1104 3240 in
1122 3177 1306 3259 praefatione
1323 3176 1363 3237 ad

262 3300 444 3379 Procopium
474 3302 522 3358 vir
549 3302 673 3361 omnino
701 3316 831 3379 maguus
849 3297 992 3361 libandins
1011 3299 1182 3373 bialtratne,
1205 3296 1274 3357 soe.
1293 3298 1364 3357 lesu

262 3418 420 3498 presbyter
433 3428 464 3478 et
477 3420 597 3499 oollagii
614 3419 802 3479 Montelbani
817 3428 928 3498 reotor,
949 3420 1004 3501 qui
1015 3436 1076 3499 qna
1087 3417 1182 3499 pollet
1194 3418 1228 3475 in
1239 3416 1363 3477 Graoois

261 3532 387 3615 perinde
401 3556 436 3596 ao
450 3538 567 3599 Latinis
582 3538 677 3599 literis
692 3535 876 3616 eruditione,
896 3539 987 3618 longe
1000 3537 1120 3597 ielioins
1133 3554 1171 3595 ea
1183 3535 1293 3596 fuisset
1305 3532 1362 3595 de·

260 3655 399 3733 motus,
422 3658 495 3734 etsi,
516 3658 563 3717 uti
580 3675 631 3716 me
651 3676 707 3738 per
731 3658 834 3719 literae
855 3660 990 3735 monuit,
1013 3654 1096 3739 qnod
1112 3674 1208 3737 penes
1227 3672 1298 3713 eum
1315 3664 1363 3714 est

260 3774 350 3834 Pauli
372 3773 538 3835 Silentiarii
559 3772 783 3857 apographum,
805 3774 988 3858 desoriptmn
1005 3772 1132 3855 perinde
1144 3775 1185 3835 sit
1197 3792 1239 3832 ex
1250 3790 1361 3832 mann-

258 3892 368 3971 aoripto
388 3893 542 3972 Palatino,
572 3892 777 3980 proindeque,
798 3906 833 3966 nt
852 3896 1092 3974 ὃαῑιιωίυιαω,
1112 3892 1229 3962 lacunis
1249 3900 1362 3953 soateat

260 4004 520 4096 deformatnmqne
534 4013 584 4081 ait.
1357 4037 1360 4043 ·
