3017 4900
279 394 319 451 vt
742 378 918 467 cumen

281 560 316 613 ut
334 566 481 629 maguum
501 545 767 631 scevophylacem,
792 562 872 612 certe
893 562 928 611 ιιι
948 546 1043 609 uu'tun
1062 567 1103 609 ex
1121 544 1254 611 diaconia
1275 568 1384 611 seero-

282 650 478 735 phylacibus‚
501 652 584 735 apud
602 654 742 734 Sergium
761 666 791 715 et
810 656 984 715 Heraclium
998 653 1089 733 plane
1102 654 1268 731 munaum
1279 650 1386 713 homi-

154 797 158 808 .
281 774 354 815 uem
376 757 542 833 exstitisse,
563 754 672 838 utpote
691 758 745 839 qui
761 758 892 817 inultum
911 756 1039 838 polleret
1049 756 1173 833 ingenio
1188 765 1218 815 et
1231 753 1388 815 scribendi

281 858 435 917 facultate.
480 856 537 918 aed
551 878 613 918 nou
630 858 774 919 audiendi
787 871 857 920 sunt
870 861 993 919 cannino
1005 859 1058 940 qui
1072 878 1143 916 euru
1156 856 1247 917 modo
1259 856 1388 919 chenu

281 959 444 1044 phylacem
468 949 562 1021 modo
588 960 826 1022 referendarium
851 962 976 1021 faciunt.
1019 958 1131 1021 sudas
1152 958 1277 1041 quidem
1298 962 1331 1019 iu
1352 980 1385 1021 r.

227 1071 231 1080 '
256 1054 261 1059 ’
279 1049 607 1147 'I'soipytordiaconnm
622 1075 652 1123 et
666 1062 948 1146 chartophylacem,
970 1061 1157 1144 Nicephorius
1172 1064 1313 1123 Callistus
1325 1083 1388 1123 uu-

281 1176 346 1226 tem
372 1170 451 1226 Hist.
474 1169 515 1232 18
537 1166 578 1231 46
605 1166 842 1227 referendarium
862 1188 933 1228 eum
952 1168 1094 1247 appellat.
1137 1168 1275 1225 maxima
1288 1168 1386 1225 etiam

281 1266 420 1327 codicmn
433 1275 496 1327 mis
510 1257 555 1327 est
566 1270 765 1329 inconstantia
778 1273 811 1331 iu
823 1272 911 1329 titulo
925 1279 955 1329 et
969 1267 1113 1348 dignitate
1129 1266 1314 1348 designanda
1328 1271 1386 1327 Pi-

280 1354 384 1430 sidaec¹
408 1390 483 1436 uam
502 1372 535 1429 in
558 1370 711 1431 codicibus
731 1370 872 1432 biblioth.
893 1374 994 1453 regiae
1014 1374 1192 1433 Pariaiensis
1210 1382 1241 1431 et
1258 1374 1292 1430 iu
1310 1376 1386 1453 qui-

280 1474 410 1534 busdum
422 1466 514 1534 etiam
525 1476 676 1535 Vaticanis
687 1473 831 1537 diaconus
842 1470 1051 1535 tantummodo
1063 1486 1203 1551 vocatur3
1226 1476 1299 1533 etin
1312 1472 1384 1534 cod.

279 1564 505 1638 vindobonensi
520 1580 585 1641 209
602 1575 684 1657 apud
695 1578 893 1637 Lambecium
907 1580 963 1639 lib.
980 1577 1045 1658 ὄρ.
1061 1579 1102 1645 19
1120 1576 1265 1637 decenus
1282 1592 1312 1635 et
1329 1596 1386 1635 re-

278 1656 484 1759 ferendarius,
507 1690 537 1738 et
547 1678 606 1738 lib.
623 1686 643 1744 6
657 1701 689 1759 p.
703 1683 765 1745 162
782 1678 924 1740 diaconus
938 1690 969 1740 et
983 1679 1222 1761 chartophylu13
1245 1681 1386 1761 itemque

277 1784 310 1839 in
323 1778 464 1839 biblioth.
474 1780 673 1841 Taurinensis
686 1780 755 1842 cod.
772 1781 834 1847 304
849 1780 1085 1863 chartophylax,
1108 1794 1138 1842 et
1157 1786 1189 1841 iu
1203 1778 1305 1841 codice
1318 1786 1384 1847 860

277 1864 496 1940 referendarius
526 1881 644 1957 dicitau.
686 1904 845 1965 perperam
875 1896 977 1947 autem
1008 1884 1198 1947 doctissimus
1227 1886 1385 1945 Fabricius

277 1984 332 2043 lib.
347 1987 368 2047 7
381 2004 412 2063 p,
426 1984 487 2052 691
505 1995 665 2067 unumque
686 1989 810 2047 titulum
828 1991 999 2066 coniunxit,
1022 2000 1053 2049 et
1067 1991 1230 2069 Georgium
1243 1999 1385 2049 nostrum

277 2082 542 2164 chartophylacem
567 2098 599 2146 et
623 2088 860 2149 referendarium
881 2090 1060 2151 declaravit:
1089 2112 1161 2151 nam
1183 2110 1385 2173 quaecuuque

276 2188 369 2249 fuerit
385 2190 449 2246 eiua
467 2186 617 2268 dignitas,
643 2202 722 2250 certe
743 2212 804 2251 nna
822 2194 914 2252 simul
926 2191 1148 2275 chartophylax
1162 2206 1191 2254 et
1205 2192 1387 2253 referenda-

276 2290 418 2349 riueesse
433 2309 494 2349 non
510 2293 625 2371 potuit,
647 2292 730 2373 quod
742 2292 984 2375 chartophylacis
1000 2308 1030 2356 et
1044 2296 1239 2357 referendarii
1253 2295 1313 2356 duo
1328 2318 1386 2357 es-

275 2401 342 2451 sent
355 2412 482 2452 mimern
495 2394 528 2452 iu
546 2396 672 2456 ecclesia
685 2390 843 2479 cpolitana
864 2397 1022 2477 distincta,
1045 2420 1123 2482 quae
1137 2420 1200 2462 uon
1217 2420 1295 2460 uuus
1311 2400 1385 2460 obi-

152 2507 180 2565 ρ.
197 2495 261 2553 vm
276 2501 333 2570 ret,
354 2491 409 2555 sed
421 2513 499 2575 quae
511 2498 625 2557 viritim
636 2501 669 2558 iu
683 2499 743 2561 duc
757 2506 855 2585 capita
869 2503 1126 2564 distribuerentur.
1168 2505 1280 2564 melius
1290 2504 1384 2562 Atta-

274 2599 335 2659 tius
342 2597 519 2684 ¹testimonio
532 2599 644 2670 Suidae
657 2603 762 2681 frenis,
785 2617 814 2665 et
827 2605 963 2666 oudinus
974 2607 1120 2666 Allatium
1132 2617 1288 2689 sequutus,
1311 2606 1385 2668 dia·-

275 2719 386 2758 conum
403 2712 434 2760 et
446 2699 710 2792 chartophylacem
728 2710 893 2787 Georgium
905 2711 1109 2768 nominarunt.
1151 2719 1184 2769 et
1198 2712 1384 2771 Gnlllelmns

275 2803 354 2861 (lave
374 2805 475 2863 miuus
496 2817 631 2866 accurate
652 2811 803 2886 scribens,
834 2823 864 2870 et
885 2814 918 2870 in
936 2820 1000 2872 toto
1020 2813 1144 2872 articulo
1160 2809 1199 2871 de
1211 2811 1314 2874 Pisida
1331 2825 1383 2873 tc-

272 2903 375 2967 xeudo
394 2909 522 2987 turpiter
541 2907 723 2990 alucinatus,
745 2933 816 2972 eum
826 2913 898 2974 fecit
912 2925 941 2974 et
955 2913 1107 2976 rhetorem
1120 2926 1150 2975 et
1164 2911 1384 2995 chartophyla-

274 3029 342 3068 cem
362 3029 493 3088 magnae
515 3014 660 3074 ecclesiae
683 3017 878 3098 Gpolitunae,
908 3016 1018 3078 deiude
1041 3023 1134 3080 etiam
1154 3020 1383 3099 metropolitam

273 3115 337 3171 sire
357 3111 617 3196 archiepiscopum
634 3117 908 3179 Nicomediensem.
951 3123 1045 3204 sipro
1057 3120 1176 3182 rhetore
1189 3127 1315 3201 potitam
1329 3121 1383 3180 di·-

271 3212 369 3273 xisset
388 3215 542 3296 Pisidanr,
565 3223 651 3280 nulla
672 3233 752 3282 esset
770 3225 988 3283 controversie:
1017 3236 1048 3284 ut
1068 3225 1153 3284 nulla
1173 3229 1239 3284 eius
1257 3235 1385 3286 exstant

273 3335 365 3393 opera
378 3315 532 3379 rhetorum
545 3343 630 3382 more
643 3327 769 3403 scripta,
791 3346 848 3384 uec
863 3323 936 3408 quid
948 3327 1046 3400 sirnile
1059 3347 1194 3409 uuquam
1208 3329 1383 3390 elaborasse

272 3414 418 3476 traditum
440 3431 496 3480 est.
539 3423 594 3482 sed
614 3424 767 3485 rhetorem
788 3439 818 3485 et
839 3425 1099 3510 archiepiscopum
1114 3429 1383 3492 Nicomediensem

271 3519 345 3577 fecit
360 3521 439 3581 Cave
455 3520 561 3582 eodem
579 3547 677 3586 errore
694 3525 818 3604 ductus,
841 3547 901 3611 quo
920 3541 990 3590 ante
1005 3551 1075 3590 eum
1089 3533 1142 3592 alii
1158 3532 1277 3614 decepti
1296 3545 1381 3611 suut,

272 3622 437 3702 Georgium
465 3623 601 3686 Pisidam
637 3649 706 3688 cum
736 3633 865 3711 Georgio
892 3633 1117 3696 Nicomediensi
1147 3635 1380 3713 conftntdentee,

271 3720 355 3802 quod
373 3727 560 3789 inuenissent
579 3741 741 3814 utrumque
754 3735 890 3815 pluribus
904 3737 937 3794 iu
951 3735 1104 3800 codicibus
1119 3751 1150 3799 et
1166 3741 1333 3819 Georgium
1348 3749 1383 3799 et

273 3823 537 3910 chartophylacem
552 3835 757 3914 appellatum
780 3841 918 3920 quumvis
935 3861 1043 3917 nemo,
1065 3841 1148 3924 quod
1163 3844 1275 3918 sciam,
1294 3843 1382 3900 Pisi-

271 3925 343 3988 daur
361 3930 513 3993 rhetorem
533 3940 701 3999 nominavit
717 3943 948 4020 praetereare,
975 3945 1043 4027 qui,
1065 3955 1099 4003 ut
1113 3943 1249 4022 videtur,
1270 3944 1383 4002 suom

271 4031 329 4088 sibi
348 4031 413 4092 fieri
433 4056 540 4115 passus
559 4051 606 4099 est
626 4044 677 4101 rel
693 4063 711 4102 a
727 4042 828 4104 codice
846 4043 987 4104 biblioth.
1001 4049 1126 4106 Antonii
1140 4047 1323 4128 Augustini,
1344 4049 1383 4105 iu

269 4139 438 4215 quo-oratio
453 4139 497 4213 elo
509 4137 543 4204 sd
560 4138 732 4223 εἴσήκεισαν
742 4143 825 4226 uacci
840 4152 884 4234 epi
897 4153 1016 4232 struppi
1030 4153 1086 4212 τοῦ
1094 4143 1194 4231 ’leucri
1208 4151 1265 4210 sub
1279 4152 1381 4208 Geor-

267 4239 311 4315 gii
333 4235 462 4299 rhetoris
482 4245 614 4325 episcopi
636 4246 831 4308 Nicomediae
851 4251 974 4309 nomine
990 4252 1166 4330 legebatur,
1188 4253 1240 4312 vel
1259 4249 1382 4312 acedi-

266 4341 351 4402 cibus
362 4341 645 4409 vindobonensibua
662 4351 744 4430 apud
755 4354 953 4413 Lurnbecium
966 4353 1020 4412 lib.
1036 4354 1056 4422 5
1074 4375 1106 4436 p.
1125 4352 1185 4420 144
1200 4365 1232 4413 et
1243 4359 1325 4431 277,
1348 4365 1384 4412 et
