3017 4900
299 355 473 439 Qunam
496 357 554 423 nn
572 355 712 426 sasso
732 359 854 428 svm.
875 361 1092 432 nostrum
1172 367 1242 438 ser

144 521 279 584 restim
294 521 413 584 videtur
427 519 467 582 sd
481 519 560 584 illud
577 523 699 587 Psalmi
713 525 774 591 11s
793 523 851 590 1⁵:
871 547 982 590 mmm
995 526 1122 602 totos,
1142 542 1243 592 enon

140 609 331 690 palpahum5
353 607 448 688 pedes
461 607 586 682 habaet,
623 621 652 670 et
671 631 733 670 nors
747 609 951 673 stabulabunt
967 656 1021 684 ...,
1051 616 1164 676 sunder
1179 617 1244 676 iltis

137 697 238 772 stant,
260 693 450 776 puisaos'nnt
462 715 512 768 ea,
541 705 571 754 et
585 697 755 776 omnesqui
768 697 924 772 confidunt
936 701 971 758 irs
986 702 1040 775 eia·
1062 703 1148 781 quasi
1164 697 1244 760 dicat

145 783 253 842 Persas
266 781 379 842 similes
393 799 496 838 rarera
512 798 577 840 esse
590 779 684 840 factos
700 779 802 856 idolis,
823 801 902 864 quae
919 785 1009 844 suslte
1024 783 1200 848 adorabant.

230 865 303 932 455.
346 875 427 924 reete
439 861 586 926 iuvidiam
597 875 632 924 ut
642 881 812 926 monstrum
823 887 843 925 a
856 878 964 928 natura
976 866 1112 930 hunam
1122 892 1244 950 prorsus

145 954 279 1012 alienum
292 947 444 1010 describit.
474 947 642 1010 humanum
659 962 705 1011 est
721 955 803 1012 enim
818 953 877 1014 sibi
891 955 1018 1035 aliisque
1032 955 1110 1036 bona
1124 955 1245 1016 deside-

144 1055 228 1112 rare,
252 1033 409 1183 invidi5est
420 1035 571 1115 prosperis
588 1036 715 1096 aliorum
729 1037 820 1098 rebus
831 1049 950 1100 tmtum
962 1043 1107 1122 torqueri.
1128 1042 1241 1102 Horat.

144 1123 243 1202 Epist.
268 1125 285 1188 1
307 1125 330 1185 2
372 1122 404 1183 7.

230 1206 303 1272 450.
345 1201 459 1280 Pisida,
472 1205 505 1263 ni
516 1205 616 1280 fallar,
637 1205 787 1284 praevidit
803 1203 1005 1270 dissensiones
1019 1219 1049 1268 et
1063 1207 1132 1270 odia
1149 1212 1245 1277 susei-¹

142 1302 242 1358 tatum
254 1292 292 1350 iri
305 1292 384 1348 inter
396 1289 491 1364 filios,
520 1309 596 1372 quos
612 1293 770 1352 Heraclius
791 1313 832 1354 ex
846 1292 981 1354 Eudocia
997 1296 1131 1374 primum
1147 1307 1177 1355 et
1190 1293 1246 1354 de·

145 1376 216 1438 inde
231 1396 272 1438 ex
284 1375 412 1434 Marfina
424 1377 567 1453 Augustis
582 1387 762 1457 susceperat.

230 1463 304 1528 452.
353 1459 461 1540 odyss.
481 1463 521 1524 12
541 1459 614 1526 256.

148 1583 150 1590 ι
230 1545 304 1612 453.
345 1545 480 1624 legerem
492 1543 663 1625 usosrplxes.

230 1629 304 1695 458.
346 1629 608 1710 patetHeraclium
621 1626 746 1688 dissidia
756 1630 835 1689 inter
847 1629 925 1691 lilios
936 1633 1048 1692 oritura
1060 1636 1245 1716 cognovisse,

146 1726 177 1776 et
205 1726 353 1797 quantum
376 1717 443 1794 ipse
474 1716 573 1794 potuit
599 1712 749 1775 studuisse
780 1724 815 1774 ut
848 1735 952 1777 eorum
975 1719 1093 1779 animos
1121 1721 1247 1779 fraterni

146 1803 255 1861 amoris
268 1800 388 1860 vinculo
406 1799 581 1860 devinciret.
624 1795 679 1860 sed
691 1797 805 1860 invidia
819 1809 849 1859 et
866 1801 1014 1879 regnandi
1026 1806 1166 1880 ambitio,
1188 1825 1246 1885 pa·

145 1897 230 1945 terne
242 1889 358 1944 monita
374 1905 416 1944 ex
428 1886 529 1945 mimo
542 1895 682 1945 natorum
697 1904 791 1967 quam
805 1887 948 1946 citissima
961 1883 1084 1964 delerit,
1098 1901 1132 1950 ut
1148 1888 1246 1950 histo-

145 1973 198 2032 rici
211 1981 366 2031 testantur.

228 2057 302 2122 460.
346 2051 521 2114 emendator
534 2051 585 2112 hic
599 2055 710 2114 iterum
724 2053 835 2134 prodit,
858 2065 948 2136 etque
960 2056 994 2114 in
1004 2053 1063 2116 hcc
1074 2059 1176 2118 iambo
1190 2079 1245 2139 pro

146 2135 270 2222 μνήμην
283 2142 395 2224 διαρκῆ
403 2142 508 2219 reponi
515 2141 607 2222 vellet
618 2143 676 2202 sori
688 2143 728 2226 τῇ
744 2143 876 2225 φυλακῇ,
892 2151 922 2198 et
931 2141 963 2200 in
971 2145 1109 2224 sequenti
1114 2140 1151 2205 sd
1158 2145 1247 2207 mol-

148 2245 242 2301 suoru
260 2247 314 2306 pro
336 2221 374 2288 sd
394 2219 563 2307 πράγματα.
605 2236 746 2284 neutrum
761 2245 802 2284 ex
814 2222 897 2284 hisce
911 2225 1091 2286 lectionibus
1105 2228 1247 2310 probavi-

145 2331 231 2386 mus3
262 2313 379 2390 gravior
403 2313 501 2386 enim,
533 2321 568 2370 ut
587 2311 675 2370 nobis
695 2308 820 2394 quidem
841 2307 1016 2385 videbatur,
1038 2322 1085 2373 est
1099 2316 1247 2374 sententis

147 2416 240 2479 quam
256 2405 356 2459 textus
370 2393 503 2457 exhibet.

328 2612 411 2689 DE
463 2610 689 2689 BELLO
742 2612 1059 2690 AVARIGO

533 2754 858 2817 u0u1rum

87 2972 88 2975 Ἴ
230 2906 336 2965 Plures
364 2924 399 2963 ac
419 2906 518 2966 varias
541 2908 673 2987 antiquis
699 2908 885 2987 temporibus
906 2905 1092 2967 diversarum
1111 2906 1246 2985 gentium
1328 2913 1331 2919 “

146 2991 338 3070 migrationes
353 3008 418 3049 esse
431 2990 536 3065 factas,
557 3001 647 3073 atque
662 3011 702 3051 ex
715 2991 924 3051 remotioribus
940 2992 1160 3071 septemtrionis
1174 3010 1247 3069 par-

146 3076 226 3137 tibus
239 3077 367 3156 pcpulos
383 3072 513 3135 efferatis
528 3077 663 3137 moribus
676 3076 826 3157 profectos
837 3078 871 3134 in
885 3074 1097 3135 meridionales
1109 3076 1247 3153 regiones

145 3162 310 3243 inrupisse,
338 3162 453 3241 passim
475 3160 584 3221 docent
599 3160 758 3238 historiae,
788 3162 897 3243 quibus
911 3160 1005 3221 fidem
1018 3161 1091 3222 facit
1105 3160 1213 3221 Strabo
1227 3158 1248 3223 6

142 3268 177 3327 p.
195 3248 257 3313 218
279 3256 309 3305 et
330 3248 509 3307 Ammianus
529 3248 724 3309 Marcellinus
742 3251 782 3311 81
808 3247 840 3312 5.
888 3266 995 3306 rernm
1015 3246 1094 3305 nulli
1117 3245 1248 3305 crebrius

146 3350 239 3413 quam
256 3328 405 3413 Scythae,
436 3335 489 3414 qui
510 3345 540 3393 et
561 3334 715 3393 Sarmatae
736 3341 767 3391 et
785 3333 980 3393 Sauromatae
1000 3328 1156 3412 quondam
1177 3324 1250 3387 dicti

146 3429 236 3493 suut,
266 3419 376 3477 nativis
398 3416 521 3477 sedibus
541 3420 653 3477 relictis
675 3420 869 3499 emigramnt.
921 3418 1138 3499 antiquissimis
1158 3416 1250 3495 plane

147 3504 330 3581 temporibus
345 3500 528 3583 Scytharum
540 3522 626 3583 regas
639 3506 748 3564 virtute
764 3513 794 3563 et
807 3504 881 3561 belli
893 3504 1006 3563 artibus
1018 3504 1152 3581 insignes
1167 3498 1250 3559 mul-

146 3598 212 3647 tem
227 3588 306 3647 trltra
317 3576 449 3647 Tanaim
466 3588 591 3649 fluvium
610 3592 766 3671 regionem
786 3587 828 3648 ad
842 3586 1008 3649 Thraciam
1027 3606 1123 3669 usqua
1144 3586 1251 3647 subiue

145 3692 235 3753 gasse
248 3673 332 3731 testis
347 3682 391 3733 est
403 3672 553 3734 Diodorus
569 3676 630 3733 Sic.
646 3680 667 3741 2
677 3696 714 3755 p.
732 3677 785 3739 90.
828 3672 884 3733 sed
901 3674 998 3733 mislto
1015 3675 1114 3751 magis
1127 3670 1250 3749 sequio-

145 3760 229 3824 ribus
243 3758 370 3819 saeculis
384 3759 552 3817 inclaruere
564 3758 645 3840 apud
657 3778 713 3819 nos
725 3756 867 3839 Scythae,
881 3760 935 3846 qui
947 3758 1002 3819 sub
1017 3760 1101 3818 vario
1113 3756 1251 3836 gentium

144 3846 268 3906 nomine
283 3852 381 3904 totum
393 3844 454 3903 lete
471 3844 575 3911 orbem
590 3856 737 3905 terrarum
749 3854 941 3924 occuparunt.
985 3861 1090 3903 omues
1107 3840 1189 3897 enim
1203 3838 1251 3897 illi

143 3930 268 4010 popsdi,
295 3948 372 4011 quos
386 3930 451 3989 iure
467 3939 497 3988 et
509 3932 616 3990 merito
631 3931 773 3991 barbaros
789 3931 942 4009 appellare
956 3929 1107 4001 solemus,
1136 3925 1251 4005 quique

147 4012 266 4074 cladem
287 4025 318 4073 et
337 4032 445 4075 necem
457 4018 595 4096 Europae
610 4019 768 4075 universae
788 4016 953 4073 inferentes
965 4015 1136 4073 Romanum
1148 4011 1249 4089 impe-

147 4102 227 4157 rium
237 4101 359 4179 penitus
375 4112 553 4177 everterunt,
576 4122 592 4159 e
606 4099 748 4181 Scythiae
764 4099 874 4159 finibus
886 4099 1062 4180 prosiluere.
1083 4094 1155 4155 iude
1167 4095 1250 4152 enim

145 4184 239 4243 Almi
253 4195 283 4243 et
288 4182 418 4247 Vandali
432 4184 603 4267 etGepidae
619 4197 649 4245 et
661 4184 754 4247 Gothi
765 4196 797 4245 et
812 4186 915 4246 Saluti
927 4195 957 4245 et
969 4180 1093 4264 Bhlgari
1106 4192 1135 4241 et
1146 4178 1250 4237 Hunni

147 4280 178 4328 et
189 4269 304 4329 Abares
324 4281 354 4329 et
366 4273 484 4331 Turcae
505 4274 641 4355 aliaeque
662 4284 763 4352 pestes
788 4281 997 4353 erumpentes,
1033 4268 1109 4328 caeli
1121 4263 1250 4323 mitioris

146 4354 334 4441 benignitate
356 4356 465 4435 illecti,
497 4360 631 4441 primum
652 4361 767 4419 riciuas
787 4360 942 4438 regiones,
973 4376 1008 4416 ac
1029 4350 1138 4413 deiude
1157 4348 1251 4407 etiam
