3017 4900
441 355 693 427 nasoniano
717 357 751 425 S.
775 357 963 428 sotatur.
1177 361 1250 436 143

149 517 206 588 τόν
219 543 252 586 τι
265 517 393 668 ipfae«
406 515 479 601 μετὰ
493 524 549 601 τῆς
564 485 670 597 sollae
682 520 889 630 ἕποίηααμττό
902 521 1111 630 teodomirus,
1133 527 1251 596 irredi-

152 631 246 690 μενος
266 629 285 670 a
339 607 524 687 πολυτίμονς
544 607 668 685 λίθους,
689 604 749 671 oris
767 631 883 673 τττονττν
897 609 1068 694 όλοχρνοων
1083 613 1133 676 καὶ
1150 611 1253 694 rodose

154 692 210 757 ani
228 688 367 756 dontius
386 690 440 754 aul
461 692 646 773 σατιφτίρτον.
687 711 745 752 neo
761 703 843 755 vetat
857 697 956 756 solum
969 717 1023 758 seu
1034 702 1252 777 pavimentum,

154 777 238 861 qnod
257 775 386 857 pedibus
406 779 527 851 teritur,
556 775 697 858 onyoffite
718 777 820 859 lapide
845 792 1025 842 neustr-atum
1046 783 1156 859 titisse,
1184 805 1254 846 oum

153 883 240 944 onyx
257 863 416 920 marmoris
436 863 552 942 speeies
571 865 625 939 sit,
652 861 735 945 qnod
747 865 949 926 alabastritem
965 871 1056 926 etiam
1070 879 1192 944 vooant,
1212 890 1253 930 ex

151 969 217 1030 qno
236 948 451 1028 pretiosissima
473 947 547 1006 olim
568 947 648 1006 iaota
665 949 837 1027 pavimenta
859 961 1023 1012 auctorest
1038 954 1154 1014 Plinius
1169 959 1210 1019 36
1229 959 1252 1020 7

153 1045 186 1093 et
198 1037 231 1097 8.
273 1033 374 1092 Gloas.
387 1033 454 1090 Lat.
465 1050 515 1091 ms
524 1034 557 1090 in
569 1032 645 1092 bibl.
661 1035 737 1114 lieg.
753 1032 820 1094 aod.
839 1039 939 1100 1013:
960 1036 1143 1116 onychinum
1155 1061 1254 1119 gentse

152 1117 281 1176 metalli.
326 1135 406 1196 onyx
423 1135 523 1193 genoe
541 1121 708 1177 mmon'e.
752 1121 892 1180 Lucanus
906 1119 945 1180 de
961 1125 1030 1183 sola
1043 1125 1209 1184 Ptolemaei
1222 1137 1253 1186 et

150 1205 350 1283 Cleopatrae,
370 1204 403 1260 iu
417 1219 476 1282 qna
488 1203 584 1262 lrrline
597 1203 707 1262 eaesae
718 1215 788 1285 poet
800 1223 935 1286 pugnam
946 1205 1152 1272 Pharsalicam
1169 1213 1251 1292 regio

151 1298 301 1370 apparata
314 1297 459 1368 exceptus
473 1295 533 1364 ert,
553 1287 607 1347 lib.
621 1290 680 1352 10:

482 1383 602 1452 totoque
616 1371 729 1455 effusus
739 1372 774 1434 irs
785 1373 861 1434 aab

317 1455 496 1515 calcabatur
507 1479 596 1538 onyx.

151 1554 184 1605 et
199 1543 344 1602 Martialis
357 1543 380 1601 1.
394 1544 435 1604 12
449 1544 543 1622 epigr.
557 1542 617 1608 60:

318 1627 512 1707 wkaussqw
526 1638 579 1686 tuo
593 1625 648 1686 sub
659 1626 739 1705 pede
753 1625 834 1686 lswet
848 1647 936 1707 onyx.

150 1713 209 1775 eed
230 1723 264 1772 et
281 1713 394 1772 Paulus
412 1713 601 1773 silentiarius
623 1714 703 1772 inter
720 1731 870 1772 marmora
887 1715 969 1773 varia
984 1713 1158 1798 lapidesque
1173 1737 1250 1799 opu-

149 1803 270 1875 lentae,
291 1798 400 1879 quibru
426 1796 516 1858 aeder
533 1795 687 1879 Sophiam
701 1799 816 1878 passim
830 1799 1016 1878 oorneoabat,
1038 1801 1187 1884 onychem
1200 1825 1251 1864 re·

150 1897 272 1963 oenaet,
293 1892 369 1965 part.
384 1885 405 1946 2
420 1901 450 1941 r.
464 1886 547 1947 228:

316 1962 393 2030 ‘dosa
410 1962 442 2029 δ’
461 1964 536 2044 drot
552 1961 661 2051 doinus
675 1962 867 2054 βτααγόζονττ
881 1961 1015 2056 unitio

317 2045 454 2134 οόχρτόοτν
469 2051 594 2137 όρίττμα.
882 2065 886 2072 “

150 2149 187 2202 ut
200 2147 232 2200 et
244 2137 375 2202 Statius:

317 2221 369 2282 bie
383 2219 502 2300 Libyae
515 2221 728 2306 Pbrygiruqrre
743 2223 831 2297 silex,
848 2223 900 2284 tto
913 2219 1163 2285 umbonum

318 2308 519 2379 ταττονίντττε,
538 2305 1059 2392 ότοβταμαοττμαοτοοτττοὶοταὶω

318 2413 397 2453 verro
411 2413 500 2453 mora.

152 2490 184 2539 et
200 2478 293 2539 alibi:

319 2574 431 2623 moeret
439 2584 518 2643 ονομα
529 2563 633 2645 longe,
656 2566 848 2645 quoiusque
863 2560 999 2623 exobserre
1010 2562 1134 2641 ophites.

151 2670 224 2710 enm
236 2659 341 2708 antem
353 2652 431 2709 seori
444 2651 570 2709 osnoelli
585 2649 626 2710 ad
639 2661 790 2710 extremas
804 2650 934 2729 pilarum
946 2668 1001 2709 sen
1012 2650 1166 2729 pinearum
1179 2666 1251 2729 par·

151 2746 216 2811 tes,
238 2754 318 2817 quae
338 2734 452 2793 bemati
474 2733 681 2796 adorientem
703 2736 861 2815 proximae
884 2744 986 2811 eraut,
1006 2735 1107 2813 ipsum
1127 2732 1251 2794 alaude-

150 2832 238 2896 rent,
260 2822 390 2900 epatium
412 2817 490 2879 illud
512 2820 595 2901 qnod
617 2822 763 2901 implebat
782 2818 973 2879 latitudinem
994 2838 1099 2879 earum
1120 2820 1250 2899 pilarum

152 2908 287 2980 soleam,
314 2915 348 2963 ut
371 2906 495 2984 opinor,
527 2906 715 2981 oonfioiebat,
743 2904 840 2965 doueo
864 2906 985 2964 amboni
1011 2906 1250 2983 ooniuugeretur,

152 2994 208 3073 qni
225 2994 304 3049 intra
318 2990 443 3049 alteram
454 2991 584 3069 pilarum
600 2992 820 3049 extremitatem
839 2987 878 3048 ad
895 2992 1040 3049 orientem
1054 2987 1179 3067 perinde
1193 3008 1251 3047 ex-

151 3080 263 3135 ‹itatne
283 3076 351 3135 fuit.
392 3094 466 3133 nam
486 3093 546 3156 qua
566 3077 738 3135 interiorem
752 3076 859 3155 templi
871 3084 988 3156 partem
1002 3075 1179 3154 respiciunt,
1199 3075 1250 3132 la·

152 3164 246 3222 tiores
260 3170 330 3220 sunt
340 3160 432 3240 pilae.

239 3244 292 3309 74.
334 3242 522 3325 Sophianom
540 3245 700 3307 ambonem
719 3243 758 3306 ad
779 3243 924 3302 orientem
947 3253 978 3302 et
997 3260 1101 3303 versus
1118 3239 1251 3303 mediam

152 3328 240 3391 aedis
253 3340 370 3411 partem
383 3332 486 3388 statuit
499 3332 686 3391 silentiarius
697 3333 730 3389 in
742 3330 824 3389 illiue
838 3327 1053 3408 descriptione:

318 3412 381 3478 lore
392 3438 439 3489 τις
452 3408 632 3497 τόρνττόροτο
642 3412 713 3479 κατ’
727 3415 811 3479 bitu
824 3412 918 3493 μόσσα
931 3406 1088 3497 μελάθρου

318 3496 416 3580 οἱβρός
428 3500 505 3563 ἰδεῖν
518 3499 570 3563 καὶ
584 3506 698 3582 μᾶλλον
712 3501 743 3575 ὃς
757 3494 899 3581 όντολίην
913 3520 945 3563 τε
958 3493 1110 3571 anomale

318 3581 450 3665 πόρνος,
472 3578 680 3667 desponsionis
694 3580 857 3666 όττόαρττος
872 3580 964 3667 ἤθεσι
976 3585 1102 3664 βίβλων.

154 3666 196 3727 ad
210 3669 357 3728 orientem
371 3680 401 3728 et
414 3690 431 3727 e
445 3682 604 3751 conspeetu
621 3672 748 3731 bematis
764 3672 903 3731 statuitur
916 3670 1029 3749 pariter
1039 3668 1127 3727 ambo
1142 3683 1161 3722 a
1174 3664 1251 3723 Ger-

154 3759 247 3812 mano
259 3752 429 3833 patriambe
443 3756 509 3814 GP:
531 3754 551 3821 ό
567 3752 673 3839 όμβαν
684 3753 746 3837 uod
761 3760 816 3837 τῆς
831 3748 934 3835 θόρας
949 3757 1006 3817 τοῦ
1021 3746 1155 3835 βήματος
1166 3749 1252 3812 ἴατα-

154 3862 220 3913 τατ,
241 3850 276 3897 ut
290 3850 319 3897 et
332 3860 351 3898 a
363 3841 515 3921 Symeone
526 3838 706 3903 Thessalon.
724 3842 802 3900 libro
815 3838 852 3899 de
866 3839 997 3919 templo:
1019 3834 1038 3903 d
1054 3828 1180 3918 priverni
1195 3837 1253 3899 soti

156 3921 293 4005 βήματος
308 3920 416 4005 όμβαν
431 3936 488 3985 eto.
515 3927 574 3985 alio
586 3927 671 3987 looot
690 3930 748 3990 roo*
763 3918 923 4006 ἱερατότον
934 3918 1069 4005 βήματος
1083 3918 1158 3985 sarsi
1173 3912 1253 3983 όνα·

155 4006 245 4083 veste
265 4007 460 4089 όρταθόντος,
480 4009 534 4074 eol
552 4016 610 4075 rori
628 4008 773 4094 ἄμβωνας
793 4004 917 4089 dorseni
938 4008 1094 4085 τεθέντος,
1119 4008 1147 4071 sl
1159 3998 1253 4081 τόπος

156 4092 226 4158 itti.
246 4096 290 4153 ita
304 4106 406 4153 autern
419 4096 566 4156 excitatus
577 4108 640 4156 erat
652 4098 759 4172 ambo,
781 4105 816 4155 ut
827 4114 969 4175 pars-una
980 4094 1094 4155 soleam
1109 4103 1139 4152 et
1153 4089 1253 4165 bema,

157 4179 250 4237 altera
262 4176 340 4243 ναόν
353 4191 385 4239 et
397 4192 498 4261 portas
513 4179 628 4264 οόραίας
641 4192 803 4264 spectaret,
823 4182 901 4239 inter
916 4181 1004 4239 bema
1018 4198 1089 4239 vero
1103 4189 1133 4237 et
1147 4174 1255 4234 ambo·

155 4282 228 4322 nem
253 4265 336 4323 solea
358 4263 571 4326 intes-eederet:
596 4266 631 4325 id
652 4268 761 4330 diserte
786 4267 937 4345 colligitur·
956 4284 996 4325 ex
1019 4265 1094 4323 loeis
1113 4260 1253 4341 proxima

156 4347 302 4429 hudatie,
323 4350 376 4411 nbi
396 4349 435 4413 de
453 4352 536 4415 solea
548 4352 676 4434 egimus.
716 4371 877 4435 paravero
896 4349 1049 4428 ambonis,
1070 4366 1148 4430 quae
1164 4344 1253 4407 bema

1266 2144 1357 2204 P588
