3017 4900
537 348 743 419 acuoasltt
769 350 794 417 1.
1160 349 1231 424 145

9 532 16 568 ἰ
126 542 193 581 rum
222 542 347 603 corpora
370 518 601 601 torquebantur,
643 516 884 579 extendebantur
915 517 1229 607 discerpebanturqne.

125 607 194 667 vide
209 610 383 668 Gallonium
391 627 428 685 p·
446 608 499 669 58.

212 724 264 790 46.
307 728 377 784 citat
392 722 475 782 hunc
488 742 609 782 versum
632 726 702 781 curia
719 724 872 803 superiore
887 722 997 785 Suidas
1011 727 1043 785 in
1057 749 1088 787 r.
1103 725 1232 810 ἅχειρος,

128 820 290 891 monetque
308 816 431 891 potitam
454 807 491 867 de
512 805 662 867 chosroae
684 806 860 867 crudelitate
883 829 983 888 agere.
1025 815 1110 872 nulla
1129 827 1232 875 autem

129 899 255 955 occurrit
273 898 416 969 varietas,
444 896 504 952 nisi
519 892 602 974 quod
614 896 647 951 in
661 893 755 953 Suida
770 897 853 953 venit
865 894 1014 974 legendus
1026 902 1159 977 primus,
1181 902 1235 981 qui

128 984 161 1039 iu
175 980 278 1040 Pisida
294 992 339 1041 est
354 977 514 1039 secundus.
558 998 717 1058 perperam
732 982 877 1038 Kusterus
898 1000 953 1060 pro
979 985 1018 1044 osi
1035 984 1125 1065 βαρεῖ
1144 1006 1234 1065 repo-

130 1066 265 1125 nendum
287 1068 404 1145 putavit
427 1058 602 1145 συβαρεύει,
633 1076 818 1144 repugnante
838 1083 961 1144 prorsus
976 1080 1073 1127 metro
1089 1079 1119 1127 et
1133 1090 1235 1128 sensu.

130 1172 186 1210 nec
207 1155 305 1230 magis
325 1150 531 1231 probaverim,
566 1147 649 1230 quod
670 1149 770 1209 eidem
793 1152 921 1209 liustero
938 1152 1117 1230 placuisset,
1147 1165 1182 1213 ut
1204 1156 1237 1213 in

130 1257 220 1297 versu
235 1239 382 1316 superiori
401 1255 456 1315 pro
481 1230 595 1319 ἑκάστῳ
617 1247 718 1295 contra
741 1233 881 1295 codicum
899 1234 991 1295 fidem
1007 1239 1145 1317 legamus
1162 1233 1238 1303 isd-

131 1339 217 1386 στων.

217 1422 270 1487 61.
315 1415 475 1503 caducam
487 1433 557 1484 sunt
571 1422 679 1483 limum
698 1444 734 1483 ac
747 1427 868 1483 termini
881 1424 972 1485 stadii
985 1426 1075 1487 fossis
1089 1428 1239 1507 vallisque

132 1521 228 1569 terrae
247 1508 413 1589 designati,
435 1512 514 1569 intra
531 1529 607 1591 quos
627 1530 731 1569 cursus
746 1511 859 1569 fiebant
874 1514 907 1568 in
926 1514 1031 1586 Circo3
1061 1511 1144 1571 unde
1161 1512 1240 1570 illud

133 1594 275 1673 adagium
290 1592 368 1677 ὑπὲρ
384 1591 421 1656 sci
438 1588 596 1675 σκόμματα
609 1596 722 1675 πηδᾶν.
765 1598 929 1655 maluimus
949 1597 1077 1655 aliorum
1097 1599 1239 1676 exemplo

133 1683 280 1739 Graecam
293 1699 399 1739 vocem
416 1683 544 1739 retinere
563 1700 655 1761 quam
670 1682 729 1739 alia
742 1684 803 1756 uti,
835 1700 914 1761 quae
932 1683 1072 1740 vocabuli
1093 1686 1157 1741 rim
1176 1702 1239 1741 non

133 1768 326 1844 exprimeret.
369 1766 489 1840 Pisida,
522 1777 557 1824 ut
575 1765 710 1841 videtur,
737 1768 771 1823 in
790 1766 977 1845 amplissimo
993 1764 1112 1826 theatro
1132 1767 1241 1826 mundi

135 1862 282 1910 certantes
295 1847 411 1909 inducit
423 1851 597 1909 Heraclium
612 1861 642 1909 et
658 1849 832 1926 Chosroam,
856 1854 974 1911 coelum
986 1861 1158 1932 terramque
1170 1874 1241 1933 spa-

135 1946 263 1995 ctatores
281 1936 373 2011 facit,
403 1934 536 1996 iudicem
558 1946 589 1995 et
610 1937 754 1995 arbitrum
778 1935 870 1995 deum
890 1938 1058 2010 constitnit,
1087 1941 1172 2009 cuius
1184 1938 1241 1999 be-

137 2024 283 2101 nignitate
301 2032 331 2080 et
345 2021 448 2079 favore
464 2022 578 2081 sacuam
598 2032 643 2080 est
662 2033 696 2080 ut
713 2024 809 2080 nimia
824 2025 992 2081 temeritate
1012 2034 1189 2101 procurrens
1211 2036 1242 2083 et

139 2110 280 2167 terminos
297 2104 467 2185 transgredi
480 2105 662 2165 contendens
679 2104 827 2165 chosroes
839 2110 873 2164 in
886 2102 1054 2187 osdppora,
1077 2110 1110 2166 in
1119 2109 1241 2186 scasas,

136 2212 279 2273 praeceps
295 2196 454 2267 corruerit,
478 2203 508 2250 et
523 2195 614 2250 ceteri
631 2211 735 2251 ornnes
750 2194 871 2268 salutis,
894 2202 925 2250 et
939 2196 1080 2252 victoriae
1098 2214 1240 2253 coronam

138 2281 199 2337 sint
216 2276 328 2357 adepti.
370 2275 453 2337 huno
474 2297 539 2336 esse
567 2297 689 2337 sensum
710 2278 905 2356 allegoricum
928 2279 1016 2337 nobis
1041 2282 1239 2357 propositum,

139 2374 259 2442 praeter
281 2382 315 2421 ea
335 2382 413 2441 quae
433 2374 618 2443 sequuntur,
648 2363 721 2421 facit
739 2373 774 2421 ut
793 2362 949 2421 credamus
968 2364 1095 2421 verbum
1112 2370 1241 2443 κροτεῖν,

140 2445 223 2528 quod
235 2459 411 2528 usurpatum
425 2469 544 2529 semper
556 2451 708 2507 invenitur
721 2448 760 2506 ad
773 2449 897 2526 plausus
910 2445 1140 2529 exprimendos,
1169 2453 1240 2530 qui-

139 2536 197 2593 bus
210 2536 337 2592 victores
353 2533 482 2594 athletae
497 2553 514 2592 a
528 2534 744 2613 spectatoribus
759 2534 996 2614 excipiebantur.
1040 2537 1066 2593 si
1078 2545 1179 2593 autem
1193 2537 1240 2593 al-

91 2639 95 2646 ’
141 2621 289 2698 leguriam
304 2617 453 2695 dimittas,
484 2617 533 2678 dei
547 2633 710 2678 scammata
722 2631 807 2677 erant
823 2617 923 2676 divina
938 2621 1063 2679 consilia
1075 2631 1105 2678 et
1118 2620 1241 2694 iudicia,

142 2725 197 2764 seu
214 2706 289 2764 fines
311 2707 348 2763 ab
372 2727 407 2764 eo
423 2707 575 2764 constituti
591 2708 704 2764 ratione
719 2705 809 2784 plane
824 2703 943 2763 diversa
960 2725 994 2763 ac
1009 2709 1132 2764 insanus
1148 2703 1245 2765 Chos-

143 2811 209 2850 roes
223 2810 326 2848 secum
341 2801 545 2870 reputaverat:
575 2791 734 2849 consilium
752 2793 835 2848 enim
851 2792 909 2848 fuit
923 2788 1074 2850 chosroae
1088 2801 1122 2849 ut
1138 2810 1243 2850 omnes
1331 2808 1336 2818 “

143 2877 272 2934 Romani
283 2878 430 2954 perirent,
458 2875 617 2932 consilium
632 2885 733 2932 autem
747 2872 797 2933 dei
811 2877 869 2932 luit
882 2887 917 2933 ut
928 2896 1006 2935 unus
1020 2880 1131 2954 periret
1146 2874 1244 2935 Chos-

143 2981 210 3020 roes
220 2971 257 3108 pp
272 2979 378 3018 omnes
395 2969 585 3020 servarentur
602 2961 747 3034 Romani,
781 2955 846 3033 ἑνὸς
861 2955 1008 3034 πεσόντος
1022 2960 1075 3022 sai
1094 2959 1245 3040 ceccupi-

143 3070 235 3110 νωνο
257 3069 310 3110 ων.

232 3150 283 3215 64.
327 3146 406 3207 ludit
421 3149 451 3208 in
468 3167 540 3206 voce.
556 3139 725 3226 πλανήτας,
749 3165 827 3227 quae
844 3141 1009 3221 autcario,
1030 3167 1094 3206 erro
1110 3157 1140 3206 et
1153 3149 1187 3204 in
1199 3166 1247 3204 er-

145 3257 241 3296 rorem
258 3235 369 3293 induco
377 3256 390 3308 ,·
422 3231 503 3292 uude
518 3237 591 3292 scita
613 3231 685 3291 dicit
703 3231 885 3306 chosroam,
913 3234 966 3313 qui
979 3241 1097 3290 tantm
1110 3234 1144 3290 in
1161 3235 1248 3295 astris

147 3322 251 3380 fideret
264 3332 298 3379 ut
313 3341 347 3378 ea
361 3340 415 3399 pro
428 3319 486 3378 diis
498 3317 632 3392 haberet,
654 3338 734 3376 nuuc
752 3317 877 3376 demum
890 3319 1001 3376 sentire
1014 3337 1077 3378 nou
1096 3337 1114 3376 a
1131 3328 1250 3398 septem

148 3405 240 3466 modo
252 3408 391 3484 planetis,
406 3422 482 3485 quos
495 3425 559 3464 esse
571 3403 669 3462 sidera
684 3407 810 3462 erratica
821 3422 898 3482 vaga
912 3413 943 3461 et
954 3403 1089 3481 palantia
1104 3412 1260 3487 noverant

150 3501 266 3549 veteres
279 3493 458 3564 astronomi,
487 3488 543 3548 sed
555 3492 647 3547 etiam
659 3490 696 3547 ab
709 3491 777 3548 aliis
789 3489 929 3548 omnibus
943 3489 1055 3563 stellis,
1083 3507 1158 3568 quas
1172 3489 1250 3547 fixas

150 3593 257 3634 vocare
272 3577 378 3651 solent,
400 3595 432 3634 se
446 3576 540 3634 fuisse
556 3573 724 3654 deceptum.
768 3577 812 3634 sic
827 3576 919 3632 etiam
932 3575 1011 3632 salse
1023 3571 1130 3632 irridet
1140 3576 1249 3632 Persa-

150 3680 219 3720 rum
233 3660 408 3738 religionem
422 3671 452 3719 et
467 3663 641 3734 scientiam,
671 3679 748 3740 quae
761 3660 952 3737 potissimum
965 3661 998 3717 in
1015 3678 1093 3718 vana
1112 3659 1251 3738 planeta·

150 3765 218 3806 rum
240 3746 443 3805 observatione
465 3749 576 3804 versari
594 3746 726 3820 solebat,
755 3763 825 3802 curn
839 3745 877 3802 ab
894 3763 1000 3804 corum
1015 3744 1135 3803 influxu
1150 3745 1252 3800 omnia

149 3829 281 3912 pendere
294 3832 516 3890 arbitrarentur.

235 3938 287 3999 60.
331 3927 502 4011 demonicis
515 3933 619 4012 Magos
634 3931 768 4011 appellat
779 3951 817 3991 eo
830 3928 913 4012 quod
927 3948 1063 4008 semper,
1085 3947 1120 3986 ac
1134 3929 1251 4007 praeci-

152 4039 212 4098 pue
225 4017 358 4078 Heraclii
370 4019 574 4098 temporibus,
607 4018 767 4095 astrologia
782 4015 937 4074 iudiciaria
955 4024 986 4072 et
1000 4009 1259 4097 (ἔποτελεσμοιιυιτίλ

154 4105 281 4162 facultas
294 4113 378 4162 tanto
391 4106 424 4161 in
436 4101 549 4161 honore
569 4100 651 4181 apud
667 4121 718 4160 eos
732 4111 827 4177 esset,
854 4109 889 4158 ut
901 4119 971 4158 oum
982 4103 1085 4158 omnia
1099 4120 1141 4158 ex
1157 4103 1257 4177 magi-

155 4207 210 4247 cae
226 4186 402 4268 discipliuae
417 4191 532 4247 arcanis
546 4185 675 4267 petenda
691 4189 816 4245 consilia
833 4196 948 4261 essent,
967 4196 1009 4244 =et
1027 4184 1106 4244 nihil
1125 4185 1258 4244 faustum

155 4293 223 4334 esse
237 4292 327 4353 posse
342 4273 565 4332 existimaretur
578 4271 660 4354 quod
676 4273 712 4330 ab
729 4275 773 4331 eis
786 4291 847 4331 non
861 4272 969 4330 hussat
982 4271 1148 4343 delinitum,
1169 4267 1260 4349 quid.

156 4357 233 4442 quid
249 4355 401 4438 agendam
416 4368 509 4435 esset,
540 4378 594 4438 per
611 4356 811 4418 divinationes
830 4367 863 4417 et
879 4359 1066 4417 somniorum
1082 4358 1261 4433 interpreta-
