3017 4900
287 381 362 458 tto
718 381 781 453 DU
807 377 949 451 caten

285 547 329 626 τίς
345 543 451 622 εἶπον,
471 539 523 610 daci
539 539 597 627 raia
612 539 730 626 κοίίήν
749 541 865 622 diodor.
917 553 952 606 ut
969 563 1035 606 rasa
1056 563 1103 604 raa
1121 540 1250 622 haheat,
1272 552 1391 606 comtat

284 655 327 696 ax
348 633 521 694 silentiario
543 631 704 691 ambonem
724 633 890 693 excitatum
908 642 978 714 post
994 649 1098 692 casum
1110 631 1222 692 trullae
1235 641 1334 692 totum
1348 651 1392 692 ax

282 739 434 788 marmore
451 717 621 776 confectum
633 717 744 777 fuisse:
797 773 804 795 ,

446 805 510 868 πᾶν
526 801 560 866 tt
577 797 612 865 ro*
627 799 857 883 καίλνθίμειίον
872 799 939 876 έίος
951 805 1093 884 πετραῖον
1106 797 1215 878 έκεῖνο,

449 887 529 952 ἔνθα
543 890 652 964 σοφοῖν
668 881 817 972 ἆνοίμουσι
830 881 964 969 θεηγὸρα
979 888 1063 950 ίίνεα
1077 886 1202 968 βίβλων.

284 971 371 1034 addit
397 968 527 1055 denique
554 970 687 1033 eodinus
718 974 841 1032 amboni
864 975 1127 1054 superimpositam
1143 971 1238 1030 fuisse
1256 987 1390 1044 crucam,

283 1053 363 1146 qua'a
378 1071 501 1120 centum
512 1059 657 1117 librarum
672 1060 737 1117 auri
750 1057 819 1118 fuit.

368 1147 422 1210 76.
463 1146 583 1204 Bemati
604 1152 635 1202 et
655 1143 778 1202 amboni
797 1143 972 1223 proximum
983 1141 1077 1202 fuisse
1090 1141 1191 1200 locum
1205 1137 1260 1199 nbi
1272 1139 1391 1198 exstitit

284 1239 396 1311 puteus
412 1247 513 1305 sacer,
532 1230 674 1288 evincunt
689 1248 767 1312 quaa
789 1227 826 1287 de
848 1248 884 1289 eo
900 1229 1002 1288 scribit
1016 1229 1209 1308 Anonymua,
1231 1223 1315 1284 aedis
1327 1227 1393 1283 aoi-

285 1317 357 1376 licet
380 1311 551 1393 Sophianaa
569 1323 687 1394 partem
707 1317 794 1374 illam
815 1317 928 1394 inqua
948 1324 1033 1371 arant
1054 1307 1142 1394 ἅγιον
1162 1309 1259 1393 φρέαρ
1280 1307 1333 1372 καί
1354 1304 1393 1372 cd

284 1396 508 1481 θυσιαστήριον
532 1393 605 1463 ὅλον
628 1397 680 1461 καί
702 1394 720 1462 ὅ
745 1394 836 1473 τέκος
860 1402 919 1461 τοῦ
948 1394 1107 1480 ι’ίμβωνος,
1140 1395 1265 1457 domum
1294 1395 1395 1454 fuisse

285 1483 444 1546 cuiusdam
460 1483 603 1545 Antiochi
619 1481 761 1544 eunuchi.
804 1484 1013 1564 appellationis
1028 1485 1175 1543 rationem
1189 1501 1265 1542 mox
1276 1477 1393 1560 prodit,

285 1570 461 1652 dictumque
477 1565 537 1633 οίπὸ
548 1573 606 1634 τοῦ
619 1571 776 1650 στομεδίον
790 1575 847 1632 τοῦ
860 1567 1004 1651 φρέατος,
1026 1571 1074 1627 cui
1095 1566 1230 1627 insidens
1251 1565 1394 1626 Christus

285 1677 357 1717 cum
376 1657 565 1715 Samaritam
585 1656 750 1715 collocutus
772 1663 830 1730 est,
859 1652 941 1736 quod
962 1673 980 1712 a
1002 1655 1139 1714 Samaria
1156 1651 1315 1712 advectum
1329 1648 1394 1708 hoc

175 1745 180 1752 “
285 1743 354 1802 loco
367 1743 501 1820 positum
516 1750 578 1800 est:
595 1734 705 1803 rodaco
721 1735 779 1824 ydo
794 1735 880 1821 χάριν
897 1733 1014 1820 taleida
1030 1735 1120 1822 ἅγιον
1134 1737 1242 1821 φρέαρ.
1284 1747 1394 1796 auctor

284 1828 465 1889 narrationis
489 1825 629 1883 miraculi
654 1824 688 1888 έν
709 1829 753 1906 τῷ
776 1823 852 1909 ιίγίφ
874 1822 982 1906 φρέατι
1001 1829 1057 1906 τῆς
1078 1819 1209 1906 μενοίίης
1229 1823 1394 1903 έκκίησίας

287 1909 377 1987 editi,
399 1929 491 1992 quem
508 1907 686 1969 Combefisio
706 1913 771 1968 viro
788 1907 1013 1986 eruditissimo,
1035 1920 1069 1969 ut
1086 1911 1217 1991 plurima
1234 1909 1310 1984 alia,
1333 1905 1393 1965 de-

284 1997 409 2072 hemus,
432 1993 472 2053 ad
490 2006 608 2074 portam
625 1995 732 2074 templi
753 1996 930 2054 orientalem
950 2008 1076 2076 puteum
1090 1999 1183 2056 istum
1198 2013 1317 2054 sacrum
1331 2011 1393 2052 ex·

286 2085 398 2143 stitisse
416 2082 534 2187 innuit:
566 2075 718 2181 larodrap
741 2076 782 2160 dd
802 2083 847 2162 σμ’
867 2085 979 2185 σεπρρῖ,
992 2083 1104 2187 φημί,
1133 2079 1185 2184 καί
1204 2072 1392 2186 πορρωνόμφ

284 2163 591 2327 ἕὲί.ἵίίῖἶ.ιῖ’ί..ῗ
610 2187 781 2330 imi}
799 2167 1393 2356 {l¹“lillltlili‘lff‘watt'l

285 2337 358 2419 dyla
372 2333 526 2417 έπιστομίς
538 2338 595 2399 τοῦ
610 2273 740 2416 epidico}
758 2273 875 2398 ένίέίνίία
894 2339 949 2416 τῆς
963 2273 1299 2418 Σίιμαρείτιίοςίίίιαθ
1310 2357 1354 2414 ην
1367 2331 1394 2415 ἦ

286 2417 422 2504 οἲίηθινή
441 2417 542 2505 πηγή,
563 2418 649 2501 ὁτῆς
662 2415 803 2504 paciatur
817 2417 964 2504 ποταμός,
984 2420 1126 2505 ἡμηκίτι
1139 2423 1244 2501 deipsis
1258 2419 1393 2484 είποιΐσα
1496 2443 1497 2449 “

286 2505 392 2585 πόσις,
417 2504 544 2590 Χριστὸς
566 2506 767 2588 οἰκονομικῶς
790 2510 829 2593 τῇ
851 2510 1047 2592 Σαμαρείτιδι
1073 2510 1295 2587 καθωμίλησεν.
1337 2504 1392 2569 tul

285 2589 385 2679 τοτίτμ
407 2590 431 2674 ἡ
449 2596 505 2672 τῆς
523 2596 632 2671 σιπτῆς
647 2586 767 2667 εἰκόνος
781 2586 963 2673 ιίνωεειμένη
977 2594 1095 2674 ἐτιμᾶτο
1108 2590 1228 2675 γραφή,
1252 2608 1393 2670 προσκν-

285 2678 421 2759 νοομένη
440 2676 494 2739 καί
517 2676 662 2757 σεβομένη
682 2680 805 2751 πιστοός.
847 2681 924 2737 sacri
945 2682 1031 2739 istius
1045 2682 1129 2759 putei
1142 2680 1280 2737 meminit
1295 2694 1392 2756 praa-
1492 2748 1493 2753 ρ

284 2775 367 2825 terea
379 2766 499 2822 Nicetes
510 2758 666 2840 Paphlago
679 2763 713 2819 in
725 2763 788 2820 vita
802 2764 911 2841 Ignatii
922 2762 1107 2844 patriarchae
1118 2784 1149 2844 p.
1164 2767 1227 2827 712
1243 2760 1292 2821 ed.
1305 2764 1391 2821 con·
1491 2818 1492 2831 ,

285 2851 336 2909 cil·
352 2850 453 2921 1618,
474 2857 509 2905 ut
531 2857 561 2904 et
579 2840 675 2927 βήλον
688 2846 877 2928 κρεμαμένου
890 2848 934 2925 εἰς
945 2846 979 2913 sd
996 2844 1084 2933 ἅγιον
1099 2846 1195 2931 φρέαρ
1212 2848 1390 2907 constanti-
1490 2882 1491 2909 t

283 2954 343 2995 nus
355 2929 651 3012 Porphyrogeuneta.
693 2930 779 2991 addit
789 2931 872 2992 idem
883 2936 1060 3016 Anonymus
1071 2931 1268 2993 Hieriohnnta
1279 2933 1391 2993 allatas
1489 2946 1490 2949 ’

283 3019 372 3080 tubas
391 3035 493 3077 aereas
514 3016 555 3076 ad
576 3026 713 3076 randum
733 3028 859 3097 puteum
873 3024 1004 3100 positas,
1027 3030 1058 3079 et
1073 3018 1112 3078 ad
1126 3038 1229 3079 aarum
1242 3020 1390 3079 similitu-

284 3104 389 3165 dinem
408 3121 484 3184 quas
506 3112 573 3161 tum
592 3104 693 3181 angeli
713 3105 870 3179 tenebant,
903 3126 972 3164 cum
996 3104 1200 3165 Hierichuntis
1220 3106 1301 3163 muri
1318 3122 1389 3163 cor-

283 3210 387 3264 ruere,
409 3189 533 3247 effictas.
576 3188 667 3245 refert
682 3184 813 3269 danique
829 3188 961 3250 Codinus
983 3189 1085 3272 (quod
1100 3192 1168 3250 silet
1184 3190 1387 3270 Anonymus)

284 3276 393 3336 tellam
406 3274 439 3333 S.
454 3274 642 3332 Constantini
663 3272 871 3353 (imperatoris
890 3275 1020 3357 nempe)
1041 3279 1159 3337 stetisse
1175 3270 1390 3359 inspiratori

283 3358 415 3441 φρέατος
430 3354 537 3439 driusi,
558 3353 660 3419 έπιίνω
674 3361 736 3420 τοῖν
750 3360 931 3443 σαλπίγγων.

367 3445 421 3508 7Ί.
462 3443 491 3500 Α
503 3440 623 3500 bemata
636 3444 668 3499 in
682 3438 847 3502 secundani
861 3455 891 3505 et
903 3442 1035 3504 mediam
1047 3446 1155 3525 templi
1168 3454 1285 3524 partem
1297 3442 1387 3502 novis

284 3528 425 3588 cancellis
444 3526 627 3585 obstructam
649 3530 859 3606 pervenimus,
880 3549 972 3612 qnam
985 3532 1091 3590 Graeci
1106 3526 1181 3594 ναόν
1193 3530 1387 3611 peculiarior

282 3615 405 3695 proprio
421 3611 567 3671 vocabulo
580 3622 705 3687 vocant,
726 3615 760 3671 in
775 3632 835 3695 qua
851 3634 912 3675 nou
927 3614 1031 3675 fideles
1046 3634 1167 3691 ornnes,
1188 3618 1234 3674 uti
1248 3616 1315 3675 vult
1327 3615 1386 3673 Al-

282 3700 392 3773 latius‚
417 3693 472 3757 aad
489 3697 547 3755 soli
566 3697 667 3755 clerici
686 3716 722 3755 ac
739 3710 873 3760 cantores
895 3702 1102 3762 consistebant.
1147 3720 1217 3760 cum
1228 3720 1301 3760 vem
1314 3718 1387 3779 pars

281 3784 338 3843 illa
359 3783 467 3862 templi
485 3783 519 3839 in
541 3790 668 3841 teretem
687 3783 738 3843 rel
758 3794 836 3843 certa
859 3788 978 3847 ovalern
999 3786 1128 3845 fonnem
1150 3784 1386 3859 contraheretur,

282 3867 355 3928 inda
382 3859 476 3950 χορόν
501 3884 570 3926 τοττι
593 3865 745 3926 interdum
772 3871 961 3949 appellarunt
981 3872 1104 3948 Graeci,
1128 3870 1252 3931 edorum
1270 3871 1385 3930 Latini.

280 3952 434 4015 librar-dus
450 3950 662 4011 Bethaniensia
677 3953 710 4011 in
724 3954 913 4016 Graecismot

444 4049 489 4097 ast
505 4036 556 4095 laic
572 4036 662 4097 uerba
676 4038 799 4115 οίωηιος
820 4044 875 4121 qui
890 4052 993 4103 νεπίωι
1008 4042 1043 4101 in
1057 4040 1141 4114 atla,
1162 4038 1283 4112 chorte-t,⁸

447 4122 588 4183 cartcelua
601 4133 645 4182 ast
662 4124 770 4183 choma
786 4135 842 4185 eto.

279 4204 334 4269 uhi
353 4215 458 4267 tamen
482 4205 608 4269 chorum
626 4229 785 4291 perperam
798 4230 866 4271 cum
878 4211 1011 4271 cancello
1025 4207 1198 4285 confundit,
1220 4208 1293 4289 quia
1305 4206 1384 4267 forte

279 4290 363 4375 apud
381 4294 506 4353 Latinos
525 4294 675 4354 infamans
699 4297 805 4357 aetatis
822 4316 893 4379 pars
913 4298 968 4355 illa
985 4296 1109 4377 templi,
1131 4296 1164 4355 in
1183 4313 1243 4376 qua
1261 4298 1383 4351 exstant

279 4380 375 4440 altara‘
395 4389 427 4439 at
449 4376 578 4459 chorus,
598 4376 708 4443 iisdem
730 4392 816 4463 septa
834 4382 993 4461 cancellis,
1015 4380 1124 4443 choma
1147 4380 1240 4461 vulgo
1261 4376 1382 4439 dicitur.
