3017 4900
505 400 510 408 .
565 347 839 423 ‚missino
925 312 927 318 ’
1184 366 1268 443 m

166 519 280 601 legitur
286 514 439 603 Γοοηὶου
448 509 592 581 dmdvoc
604 520 660 597 oric
669 512 758 599 cirine
770 513 928 596 ὴιὶοησὶας
936 516 994 579 tori
1001 512 1149 591 ilsoidoor
1158 515 1269 597 προοί-

168 630 243 703 μιον
255 623 311 701 τῆς
321 617 503 703 Ἑξαημὲρου
514 614 557 682 ds'
574 614 695 703 ἰάμβων
709 621 828 701 στίχον,
850 628 929 677 recte
944 619 1066 679 omnino
1082 621 1197 699 colligit
1210 618 1268 679 hoc

169 743 246 804 opus
265 742 331 781 esse
348 719 496 805 ἔμμετρον
517 731 548 779 ct
566 742 656 783 versu
676 726 895 803 conscriptum,
917 718 972 780 sed
984 740 1142 801 perperam
1158 719 1270 781 deiude

168 828 273 887 sternit
292 825 378 883 mille
391 827 586 903 octingentos
607 827 759 905 octoginta
779 822 916 884 eiusdem
937 825 1034 903 operis
1049 843 1170 899 versus,
1192 842 1268 903 qnos
1307 808 1311 823 ¹

168 926 310 988 habuisse
338 947 411 1008 prce
438 928 579 986 menibus
599 925 695 986 editos
715 924 870 1004 sdtinnst,
903 924 987 985 eliud
1006 945 1067 984 non
1086 944 1151 983 esse
1176 914 1269 1005 quss'n

169 1029 323 1114 quoddam
340 1030 433 1089 totius
453 1032 622 1109 argumenti
642 1031 846 1109 prooemium,
868 1026 949 1110 quod
971 1030 1063 1087 etism
1086 1028 1209 1088 Vossius
1231 1028 1269 1085 de

170 1136 255 1193 Hirr.
279 1134 389 1191 Graec.
410 1142 481 1191 tom.
498 1132 519 1197 4
529 1155 566 1211 p.
588 1128 665 1207 148,
685 1130 797 1191 Boderi
816 1135 1128 1205 auctorisaremus,
1150 1132 1269 1210 impru-

171 1232 276 1296 denter
294 1236 430 1295 cs'seruit.
472 1237 575 1316 ecquis
594 1236 677 1293 enim
696 1254 758 1295 non
772 1236 915 1315 intelligit
927 1239 960 1294 in
975 1233 1077 1294 codice
1089 1236 1268 1313 Augustsno

169 1358 277 1399 rocem
289 1337 452 1420 προοίμιον
463 1336 547 1396 idem
557 1338 647 1417 plene
658 1356 765 1397 sonore
779 1357 814 1397 sc
828 1331 905 1425 ᾇρχή
920 1340 976 1401 rori
987 1333 1171 1417 Ἑξαημέρου
1178 1380 1188 1413 ,
1209 1335 1269 1397 hoc

171 1450 216 1501 est
236 1442 359 1499 mitium
374 1441 576 1513 Hesui'meri,
602 1440 782 1518 vellincspit
801 1438 1032 1499 stue‘meron?
1075 1440 1143 1518 quis
1167 1448 1270 1497 eutem

171 1540 272 1603 credet
293 1543 378 1622 operi
395 1546 489 1603 trium
514 1543 647 1603 millium
665 1561 827 1616 versuum,
854 1552 887 1601 ut
906 1542 1007 1619 placet
1027 1538 1157 1616 Suidse,
1183 1542 1269 1601 mille

171 1647 409 1725 octingentomm
424 1655 455 1704 et
468 1647 620 1723 octogints
635 1663 700 1703 esse
715 1640 1069 1722 affixum-prooemium?
1111 1641 1208 1703 sedet
1220 1644 1268 1703 le-

170 1752 256 1827 genti
274 1757 359 1829 petet
377 1748 561 1806 nexiones
572 1749 761 1825 prooemium
773 1754 908 1806 constare
921 1754 1039 1803 tentum
1051 1746 1269 1827 quinquaginta

168 1850 320 1931 prioribus
334 1848 461 1924 iambis,
482 1858 552 1927 post
564 1867 640 1929 quos
653 1853 756 1910 stetim
768 1852 873 1929 incipit
886 1853 995 1926 poims
1009 1842 1045 1907 eo
1060 1869 1164 1927 versu,
1185 1844 1268 1932 πηγὴ

170 1949 229 2033 μὲν
243 1942 302 2015 οὖν
313 1948 433 2030 stipem
445 1952 502 2011 scri
512 1945 604 2031 λόγου
619 1951 683 2033 μία.
714 1950 882 2012 secundum
895 1952 1002 2009 erravit
1015 1949 1167 2029 liederus,'
1187 1950 1270 2033 quod

170 2050 306 2115 Pisidsm
317 2054 470 2132 scripsisse
481 2050 638 2111 isuram
649 2054 687 2112 ds
696 2054 843 2113 Heraclio
855 2048 1064 2135 καταλογάδην
1077 2052 1167 2131 dicet,
1188 2058 1271 2115 eius-

172 2175 232 2239 que·
244 2157 290 2217 rei
303 2166 414 2217 testem
425 2152 552 2215 Suidom
565 2153 725 2234 exhibent,
747 2155 830 2239 quod
849 2176 915 2217 esse
928 2156 1038 2218 falsum
1055 2158 1128 2215 olibi
1143 2156 1271 2219 demon-

172 2270 299 2320 stratum
309 2269 365 2321 est.
389 2276 479 2340 ‘nem
492 2275 570 2338 quoe
582 2257 693 2319 Suidss
704 2262 746 2319 sit
758 2261 912 2339 scripsisse
923 2256 1059 2317 Pisidsm
1072 2256 1110 2317 de
1121 2261 1270 2336 Heraclio,
1370 2290 1371 2295 κ

172 2361 281 2421 nubis
296 2362 442 2419 contineri
454 2359 585 2421 vidimus
594 2404 612 2436 ,,
626 2381 684 2421 nec
704 2363 801 2421 ullum
818 2363 911 2421 olium
925 2358 1085 2421 historiam
1099 2361 1272 2441 lexicogrs·
1400 2412 1402 2419 .

173 2459 253 2544 phus
264 2474 427 2541 memoret,
449 2463 489 2523 sd
502 2485 595 2547 quem
606 2461 768 2524 chronicon
779 2463 926 2526 Peschslc
940 2465 1044 2524 referri
1056 2475 1169 2546 posset.
1211 2469 1271 2526 its-

173 2585 232 2648 que
257 2585 326 2625 oum
349 2567 523 2628 lierwortus
543 2579 609 2628 tum
632 2565 769 2628 liodorus
791 2571 824 2627 in
846 2565 959 2628 Suidce
977 2578 1064 2626 textu
1081 2569 1272 2648 explanando

172 2670 243 2731 feni
261 2679 348 2730 sunt:
370 2667 426 2728 sed
446 2672 563 2754 turpius
585 2673 775 2748 llerwsrtus,
799 2673 852 2753 qui
874 2692 915 2730 ex
938 2690 973 2730 eo
994 2649 1139 2750 gloriatur
1156 2675 1190 2732 in
1209 2675 1273 2732 suis

177 2771 340 2852 &polibus
359 2771 469 2833 Cluso.
491 2771 645 2834 detexisse
656 2773 793 2834 eiusdem
805 2773 939 2834 chronici
951 2772 1106 2836 Psschslis
1121 2787 1273 2836 auctorem

174 2896 240 2938 esse
257 2872 409 2949 Phidon,
430 2894 487 2933 nec
504 2877 599 2934 sensit
614 2894 707 2956 quom
722 2879 763 2935 sit
780 2878 918 2956 ineptum
932 2875 991 2937 hoc
1005 2875 1182 2953 sdfinnsre,
1204 2898 1273 2936 cum

175 2976 284 3040 Suidrs
307 2976 389 3036 diost
411 2974 548 3036 Pisidam
565 2977 696 3036 musico
716 2987 813 3038 metro
838 2999 903 3038 csse
925 2999 1031 3054 usum,
1059 2989 1089 3036 et
1109 2976 1272 3039 chronicon

174 3080 321 3144 Psschsle
334 3081 433 3141 soluts
444 3083 578 3139 oratione
590 3081 630 3140 sit
641 3091 810 3140 excretum.
853 3093 883 3140 st
907 3080 1042 3140 lisdems
1064 3089 1166 3140 contre
1187 3081 1272 3140 nullo

173 3184 267 3246 modo
282 3205 323 3244 ex
334 3182 431 3246 Suids
448 3183 552 3263 effingi
566 3203 654 3263 posse
666 3180 787 3242 Pisidae
804 3181 863 3244 hoc
877 3182 1037 3244 chronicon
1050 3193 1130 3242 recte
1147 3193 1272 3242 conteu—
1373 3187 1380 3198 ’

175 3288 230 3366 dit,
251 3286 307 3348 sed
318 3288 400 3369 mclp
412 3289 514 3367 ipsum
525 3285 661 3346 Pisidnns
672 3283 816 3346 historice
831 3286 987 3349 cuiusdam
999 3287 1195 3346 Heraclianus
1207 3307 1272 3348 esse

137 3391 142 3400 “
175 3401 329 3451 auctorem
346 3388 493 3450 concedit.
530 3392 602 3471 quin
617 3391 709 3448 etism
722 3383 885 3450 chronicon
897 3391 1050 3471 scripsisse
1063 3388 1198 3450 Pisidum
1211 3411 1274 3450 uon

176 3491 269 3552 sudet
291 3496 412 3553 omnino
434 3511 561 3573 negare:
589 3511 662 3553 nem
684 3490 769 3551 aliud
789 3491 948 3554 chronicon
966 3513 1151 3574 anonymum
1171 3489 1221 3552 ms
1242 3495 1275 3552 in

176 3593 358 3657 bibliotheca
376 3597 497 3676 collegii
516 3597 635 3655 Annaei
650 3598 828 3674 Augustam
849 3617 881 3657 se
904 3595 1015 3657 vidisse
1032 3593 1277 3676 testaturhquod

175 3719 218 3760 ex
236 3697 340 3759 Pisida
361 3710 391 3758 et
410 3700 524 3779 Cyrillo
544 3696 717 3777 decerptum
734 3696 843 3758 dicimr
857 3703 888 3758 in
901 3697 1091 3780 Epigrcphe,
1114 3701 1275 3778 statimque

175 3805 209 3862 in
232 3803 380 3885 principio
404 3803 496 3861 refert
506 3799 599 3881 ¹opud
619 3801 784 3880 Georgium
802 3800 938 3862 Pisidern
950 3800 1060 3861 Adsmi
1074 3802 1152 3860 filies
1163 3802 1276 3879 primos

175 3909 303 3966 sltermn
324 3909 456 3966 Azorum
479 3905 606 3964 niteram
616 3907 731 3964 Asuem
743 3907 911 3981 nominari3
933 3904 1014 3964 unde
1029 3902 1164 3964 liodorus
1181 3907 1278 3963 couii-

176 4009 275 4068 ciebot
287 4006 450 4068 chronicon
460 4005 599 4082 Pisidae,
620 4005 743 4088 siquod
755 4026 891 4088 unquam
903 4009 977 4085 filit,
1000 4027 1018 4066 s
1031 4003 1173 4066 Peschsli
1187 4003 1276 4066 chro-

177 4111 246 4169 nico
258 4133 323 4172 esse
337 4111 500 4188 diversum,
520 4114 554 4170 in
570 4130 630 4193 quo
645 4129 702 4168 neo
715 4112 815 4170 Asuse
828 4129 885 4170 nec
900 4113 1016 4170 Azurse
1028 4111 1091 4172 ulls
1104 4111 1138 4168 fit
1149 4111 1274 4170 mentio.

176 4230 235 4274 nos
254 4224 355 4272 sutem
371 4215 491 4272 nullum
509 4233 647 4295 unqusm
669 4212 830 4274 chronicon
848 4216 1002 4293 scripsisse
1014 4211 1149 4288 Pisidem
1167 4211 1273 4268 existi-

176 4335 319 4377 momus:
339 4336 412 4376 nsm
429 4318 486 4378 etsi
501 4316 663 4377 concedere
679 4317 809 4378 velimus
824 4316 942 4378 Rudero
956 4327 1075 4378 enters
1092 4311 1226 4376 codicem
1240 4311 1273 4370 in
