3017 4900
459 377 660 447 resarcis
679 379 886 450 sonoram
909 383 953 450 n
1028 481 1032 486 Α
1184 383 1257 457 tor

238 545 313 613 258.
356 542 492 604 labarum
514 555 588 626 puto
608 547 797 628 intelligere,
818 547 949 608 militare
972 549 1122 610 vexillum
1146 569 1256 612 mono-

152 647 320 716 grammate
337 617 431 730 X
454 635 645 715 distinctum,
668 636 752 722 quod
770 638 808 698 ab
825 638 972 698 omnibns.
982 641 1048 699 fere
1064 642 1256 735 imperatori-

152 727 211 787 bus
224 737 292 808 post
304 727 531 789 Constantinum
544 730 705 808 Magnum,
723 730 777 811 qui
788 727 868 788 illud
881 730 1012 806 invexit,
1034 741 1184 791 retentam
1196 741 1253 791 est.

152 813 207 870 ille
235 814 317 871 enirn
347 817 464 896 primns
488 815 715 893 imperatorium
738 815 889 874 vexillum
907 812 948 873 ad
964 817 1064 881 ‚crusis
1084 817 1251 897 exemplar,

151 897 213 956 sibi
230 897 354 959 caelitus
371 908 542 973 ostensum,
564 901 597 956 iu
610 917 699 958 serae
713 902 809 960 crucis
821 901 952 958 formam
963 903 1174 978 commutarit,
1195 899 1253 961 ad-

151 979 215 1040 dito
237 979 348 1042 cirini
365 987 489 1044 nomine
499 1003 512 1058 ,¹
530 980 646 1043 dnobus
665 985 787 1044 Gmsois
803 983 962 1046 elementis
976 1005 1136 1066 expresso,
1159 998 1193 1046 ut
1207 999 1253 1046 est

149 1062 233 1145 apud
249 1069 414 1128 Eusebium
429 1072 462 1128 in
476 1071 540 1128 eins
554 1071 615 1127 rita
632 1067 686 1128 uh.
707 1075 722 1132 t
739 1091 766 1128 c.
783 1069 836 1135 26.
879 1069 962 1152 qnod
975 1073 1097 1150 signnm
1113 1090 1182 1130 mint
1197 1069 1254 1130 de·

149 1150 341 1212 formidasset
352 1155 465 1235 impius
479 1155 613 1213 lulianus
628 1165 659 1214 et
675 1155 862 1236 abrogasset,
884 1166 961 1216 teste
971 1157 1179 1221 sozomenoo
1202 1161 1253 1230 16,

149 1239 253 1296 statim
283 1243 475 1300 restituerunt
504 1241 663 1300 Gratianus
688 1249 719 1300 et
742 1243 988 1318 Valentinianus,
1022 1250 1058 1300 ut
1078 1252 1182 1301 auctor
1205 1251 1253 1300 est

149 1323 183 1381 S.
197 1323 374 1384 Ambrosius
387 1325 441 1384 tit.
456 1329 478 1390 2
494 1323 532 1384 de
546 1325 622 1384 Fide
635 1323 777 1400 subfm.;
799 1346 897 1408 eoque
908 1326 1018 1386 deinde
1034 1337 1105 1386 emat
1118 1329 1166 1387 usi
1179 1327 1252 1406 pln-

150 1427 198 1467 res
220 1409 274 1467 alii
296 1411 510 1490 imperatores,
532 1411 642 1491 quibus
657 1421 736 1470 ceste
750 1410 955 1474 accensendus
969 1412 1137 1472 Heraclius.
1179 1409 1250 1472 ride

148 1493 325 1574 Du-Oang.
344 1494 382 1554 de
395 1495 453 1576 ins.
470 1497 540 1554 aevi
550 1497 692 1554 msms'sm.
709 1513 735 1554 c·
751 1500 805 1560 20.

233 1580 308 1644 256.
350 1581 382 1639 in
394 1601 442 1640 ms
455 1589 519 1639 erat
530 1579 589 1644 tat.
611 1583 768 1641 Heraclius
782 1602 800 1640 a
813 1581 917 1640 Cilicis
931 1581 1094 1660 proiectus,
1108 1600 1145 1665 ao
1154 1583 1250 1641 Tauri

147 1663 228 1742 iugis
250 1667 412 1744 superatis,
433 1668 466 1724 in
487 1668 645 1724 Ponticam
663 1667 850 1745 provinciam
869 1667 1007 1740 intravit,
1028 1676 1063 1724 ut
1083 1677 1187 1746 postea
1208 1685 1250 1724 ex

147 1750 290 1808 Armenia
313 1751 347 1808 in
366 1750 538 1826 Persidem,
562 1751 588 1809 si
606 1755 648 1810 ita
669 1771 716 1810 res
738 1751 920 1831 postularet,
942 1753 1139 1830 irrumperet3
1166 1750 1250 1833 qnod

147 1831 272 1914 qatidem
287 1837 320 1893 in
335 1833 467 1895 secunda
481 1833 676 1916 expeditione
691 1840 720 1894 ei
733 1837 863 1896 feliciter
876 1837 986 1896 evenit.
1020 1838 1153 1916 primurn
1165 1837 1250 1895 enim

146 1919 278 1995 bellurn,
301 1918 340 1978 de
356 1939 416 2003 qno
431 1919 592 1980 hiosermo
612 1932 674 1997 est,
698 1941 794 2002 prope
807 1924 950 1982 Ponticae
961 1923 1093 2000 regionis
1103 1924 1249 1980 terminos

147 2023 203 2063 nec
217 2005 324 2084 procul
342 2026 360 2064 a
375 2007 471 2065 Tauri
486 2006 637 2065 montibus
651 2016 750 2066 sctum
764 2017 821 2067 est.
1132 2041 1137 2050 -

230 2093 305 2155 160.
347 2088 439 2151 huius
456 2095 676 2172 strategematis
697 2093 809 2152 similia
824 2093 967 2173 exempla
981 2089 1095 2153 videsis
1107 2091 1140 2149 in
1150 2088 1248 2150 Pron-

121 2202 130 2216 ·
147 2175 209 2234 tino
227 2175 246 2238 1
268 2179 289 2242 2
310 2186 341 2235 et
362 2179 381 2239 3
404 2178 456 2241 11.

231 2262 305 2324 262·
346 2262 415 2341 lege
428 2262 564 2344 αἰνηῆς,
588 2259 670 2345 qnod
681 2264 771 2322 metri
784 2263 860 2323 ratio
874 2262 1023 2343 postulat,
1044 2260 1249 2342 simonpylo

145 2354 192 2405 est
204 2343 308 2419 fictio,
329 2366 388 2428 qna
410 2351 504 2407 utitur
525 2351 650 2408 solerter
673 2348 738 2408 dux
760 2360 824 2407 tam
846 2349 900 2408 ubi
921 2345 1072 2407 carendus
1086 2365 1180 2428 qnam
1193 2345 1246 2404 nbi

144 2429 361 2510 opprimendus
377 2431 471 2494 hostis
487 2443 548 2510 est,
570 2444 604 2493 nt
621 2435 663 2493 ait
678 2435 839 2494 Frontinus
855 2437 889 2493 s'n
899 2433 1003 2513 praes.
1026 2433 1160 2512 Struteg.

229 2514 304 2581 264.
346 2520 389 2578 ita
409 2520 510 2580 forsan
531 2540 621 2580 snum
642 2522 700 2579 iter
721 2520 897 2578 conficiebat
920 2520 1094 2594 Heraclius,
1115 2528 1151 2575 nt
1165 2516 1247 2596 fign-

145 2621 226 2679 ram,
248 2620 327 2683 quae
344 2597 429 2680 τάξις
441 2604 627 2688 πεπλεγμένη
640 2606 678 2663 ab
691 2606 819 2665 Aeliano
834 2626 860 2665 c.
872 2604 914 2670 48
926 2616 1067 2678 vocatur,
1090 2604 1245 2681 exprime-

143 2698 200 2746 ret.
244 2706 314 2747 oum
333 2692 416 2749 enim
436 2711 473 2749 ea
497 2700 576 2751 esset
596 2688 769 2750 huiusmodi
783 2700 819 2749 ut
831 2690 975 2771 spiralem
985 2690 1099 2748 lineam
1111 2688 1246 2761 referret,

143 2783 234 2854 atque
256 2774 298 2832 ita
322 2794 412 2856 saepe
434 2778 566 2835 frontem
587 2775 776 2851 ostenderet,
796 2778 887 2835 facile
898 2777 1054 2856 imperitos
1065 2776 1173 2833 Persas
1186 2790 1247 2852 po-

143 2862 201 2917 tnit
213 2855 367 2941 decipere,
390 2864 442 2943 qni
456 2864 499 2918 ita
511 2861 724 2941 procedentem
738 2864 904 2921 exereitum
918 2870 1059 2939 putarent
1072 2860 1245 2918 consistere.

143 2964 179 3001 sc
190 2962 265 3003 mox
280 2944 406 3027 quidem
418 2952 508 3025 poeta
523 2948 564 3005 ait
580 2966 620 3005 ex
634 2946 758 3027 obliquo
772 2957 803 3005 et
817 2957 986 3005 manerem
998 2944 1245 3003 itinerelleraolii

142 3026 263 3089 hostem
275 3033 369 3091 irrisae
382 3028 552 3111 deceptum.

225 3119 299 3182 271.
342 3120 453 3177 Leonis
468 3118 543 3197 imp.
558 3113 635 3177 illud
650 3126 695 3176 ast
708 3114 859 3175 monitam
873 3136 899 3173 o.
915 3118 936 3179 9
958 3118 1016 3179 10:
1039 3115 1245 3195 ncommods·

141 3222 193 3276 sog
206 3204 264 3263 soti
278 3206 407 3284 στρατοῦ
418 3202 557 3285 ἡγείσθω
570 3200 593 3285 tf
606 3198 644 3283 os}
657 3198 827 3281 Μοξότης.
854 3204 941 3260 iuxta
957 3198 1038 3281 quod
1049 3206 1244 3279 praeceptmn

140 3284 243 3345 Pisida
263 3299 459 3367 praeeuntem
478 3288 596 3348 inducit
612 3290 804 3361 Heraclium,
828 3290 881 3367 qni
904 3306 973 3345 cnm
992 3295 1117 3364 repente
1133 3300 1242 3361 agmen

141 3376 275 3431 converti
287 3374 432 3449 iussisset,
449 3395 465 3431 e
477 3376 575 3455 primo
588 3374 685 3433 lactus
695 3384 741 3433 est
752 3373 946 3433 norissimus.
973 3370 1029 3430 sed
1040 3371 1137 3452 possis
1149 3370 1241 3425 stiam

140 3474 196 3535 pro
219 3460 397 3518 mvisdmus
417 3458 542 3519 reddere
561 3460 729 3530 sacrandus,
759 3461 846 3540 qnasi
868 3456 972 3517 Pisida
992 3456 1167 3515 Heraclium
1189 3450 1242 3511 ltio

139 3553 293 3621 comparet
313 3547 451 3625 aurigas,
473 3547 574 3626 quiin
592 3565 695 3604 cursus
717 3546 907 3603 contentione
924 3564 943 3601 a
961 3545 1124 3621 posteriore
1147 3558 1239 3618 supe-

139 3627 200 3685 rati
212 3635 243 3685 et
254 3628 383 3710 relinqui
401 3650 442 3689 ex
458 3628 604 3689 industria
618 3633 758 3691 voluerit.
801 3627 872 3688 vide
884 3630 964 3687 infra
976 3648 1006 3687 v.
1022 3626 1112 3691 285·-

222 3712 298 3780 275·
340 3717 561 3797 πλαστουργίαν
581 3726 612 3773 et
630 3710 814 3795 sinospsoss,
835 3733 895 3794 qna
918 3711 1075 3772 Heraclius
1092 3728 1166 3769 usus
1182 3718 1238 3780 est,

137 3790 244 3878 σοφήν
262 3811 369 3876 vocat,
402 3812 551 3879 utsupra
571 3820 600 3860 v.
621 3806 685 3866 267
708 3794 849 3879 clamis,
877 3809 914 3857 ut
936 3800 1069 3859 nominis
1090 3792 1238 3853 iuvidiam

138 3886 175 3941 ab
192 3886 330 3946 lleraclio
344 3886 539 3947 submoveat:
559 3906 659 3967 neque
675 3890 759 3945 enim
770 3886 851 3944 fictio
862 3904 963 3965 neque
977 3882 1130 3942 simulatio
1146 3876 1238 3959 digna

82 3992 84 4005 ·
138 3988 186 4028 rss
207 3982 253 4030 est
273 3974 338 4032 tiro
362 3974 480 4051 integro
501 3982 531 4031 et
550 3973 633 4031 forti.
677 3970 732 4032 sed
751 3968 855 4029 Pisida
876 3968 933 4027 has
950 3963 1237 4027 vooesadlaibniteo

136 4054 292 4133 quianon
313 4069 508 4138 suppeterent
528 4058 621 4132 aliae,
644 4074 722 4137 qnae
743 4066 775 4114 et
790 4056 979 4135 imperatoris
999 4053 1094 4112 solers
1108 4053 1141 4110 in
1155 4052 1237 4109 bello

136 4140 297 4199 consilinm
325 4142 517 4203 ostenderent
541 4154 571 4201 et
597 4145 686 4201 metri
710 4141 831 4220 legibus
852 4142 943 4199 etiam
961 4135 1236 4209 accomodamutnr,

134 4223 290 4307 siqnidem
305 4228 444 4305 Graecis,
466 4247 596 4311 qnorum
606 4238 691 4287 tanta
703 4228 763 4286 suit
775 4228 810 4285 in
825 4223 953 4285 dicendo
968 4226 1070 4305 copia,
1091 4242 1154 4283 uno
1166 4232 1236 4279 tsn-

135 4322 201 4369 tuan
223 4310 371 4371 vocabulo
391 4315 637 4396 espaesm'pm,
669 4332 746 4395 quae
771 4313 895 4371 solerter
917 4332 937 4369 a
957 4309 1034 4369 dnos
1053 4316 1236 4388 gererentur,

135 4394 297 4477 dixerunt3
320 4400 406 4459 onius
426 4400 490 4461 vim
511 4401 594 4461 vocis
613 4420 683 4459 cnm
696 4398 789 4458 vellet
800 4398 962 4459 Frontinus
975 4394 1084 4475 Pross.
1102 4392 1235 4471 Strateg·
