3017 4900
146 291 150 299 ι
228 344 310 397 mr
691 261 867 403 onnam

232 498 266 557 in
280 514 342 579 quo
355 478 477 555 Pisidae
493 491 530 551 de
541 490 636 571 gestis
650 488 865 569 imperotomm
881 472 1107 565 ῴοὶἰέωιοηὶπι
1118 476 1246 540 historia
1261 496 1337 537 oon-

234 602 357 660 tinetur.
399 593 549 655 Iohannes
570 602 672 653 autern
692 594 839 671 Georgius
860 592 1032 648 Herwartus
1054 582 1095 643 ad
1118 582 1338 661 Hotmbergin

235 704 298 762 suis
318 700 355 760 de
375 720 409 759 re
429 696 643 777 chronologico
663 695 827 775 capitibus,
847 690 986 752 Ueserius
1007 688 1119 768 aliique
1136 682 1341 744 nondnbita-

236 814 306 864 runt
331 804 463 881 Georgia
491 808 593 857 nostro
620 798 781 855 attribuere
806 792 1034 855 celeberrimum
1062 764 1340 861 metonomicos,

237 902 322 988 quod
338 906 473 985 primum
496 902 656 960 Fastorum
673 900 845 959 Siculorum
864 915 900 954 ac
919 890 1028 953 deinde
1047 888 1189 949 Chronici
1200 889 1342 949 Alexan-

240 1007 320 1068 drini
341 1016 372 1064 et
391 1001 547 1066 Paschalis
567 1004 710 1061 lemmate
727 1002 885 1080 pugnum
906 1007 962 1057 est.
1003 991 1060 1055 sed
1079 990 1162 1075 quod
1174 990 1215 1050 ad
1227 990 1342 1049 biblio·

239 1106 360 1170 thecam
371 1108 601 1169 vallicellanam
614 1113 747 1185 spectat,
770 1120 862 1186 quam
875 1109 996 1181 patrum
1011 1097 1138 1156 oratorii
1151 1092 1341 1153 humanitate

239 1231 331 1291 saepe
345 1208 428 1269 adire
442 1218 474 1267 et
483 1218 580 1269 totam
592 1208 773 1287 perlusnare
784 1202 862 1264 mibi
873 1198 967 1278 lictrit,
986 1200 1076 1279 plane
1088 1199 1234 1258 assentior
1244 1196 1342 1255 Leoni

240 1316 369 1390 Allatio,
392 1314 445 1394 qui
457 1311 615 1372 Possevini
629 1311 836 1369 auctoritatem
848 1308 888 1365 ita
902 1300 1056 1363 convellit.
1093 1292 1184 1360 “licet
1196 1302 1287 1358 anxie
1298 1298 1342 1355 li-

206 1467 210 1475 ,
240 1419 330 1477 brurn
355 1413 574 1498 quaesiverim,
605 1429 757 1491 saepeque
778 1404 910 1491 iadicem
932 1414 963 1464 et
983 1404 1173 1485 potissimam
1195 1401 1341 1461 librorum

241 1530 359 1601 partem
372 1516 587 1598 persolverim,
608 1512 649 1572 ad
660 1512 742 1571 hunc
754 1521 857 1569 tamen
871 1507 952 1567 diem
963 1526 1114 1588 nmquam
1124 1504 1186 1563 tale
1197 1522 1274 1583 opus
1287 1522 1342 1561 oc-

243 1625 345 1683 currit.
389 1622 554 1694 outinam,
577 1614 660 1699 quod
671 1634 734 1673 non
748 1612 855 1688 oredo,
877 1621 965 1671 esset.
1009 1628 1141 1669 errorem
1153 1604 1344 1667 indonatum

244 1725 404 1783 existimo:
424 1742 497 1780 nam
517 1722 570 1802 qui
587 1720 733 1778 librorum
753 1716 936 1774 onecomm
956 1710 1088 1773 indicem
1107 1710 1249 1785 confecit,
1270 1726 1344 1767 cum

244 1827 277 1885 in
289 1824 356 1886 ood.
369 1826 405 1887 B.
421 1827 499 1898 112,
521 1824 645 1903 antiquo
658 1821 731 1880 satis
744 1828 775 1876 et
789 1820 921 1897 optimae
934 1825 1041 1893 notae,
1065 1812 1120 1875 sed
1131 1832 1242 1893 parrae
1252 1812 1346 1870 molis

245 1929 339 2004 libro,
360 1924 519 1986 historiam
539 1922 578 1983 de
598 1919 829 2001 imperatoribus
852 1920 1018 1999 cpolitanis
1036 1919 1070 1975 in
1089 1917 1237 1997 principio
1255 1935 1347 1994 repe-

245 2033 351 2106 risset,
373 2046 442 2087 eam
456 2036 558 2085 tamen
578 2019 733 2103 ἆκὲφαλον
750 2023 951 2101 plurimarum
970 2024 1149 2101 paginarum
1172 2020 1347 2093 amissione,

248 2150 342 2214 quam
360 2140 466 2211 postea
482 2148 558 2209 opus
581 2128 615 2186 in
643 2127 855 2185 Hexaemeron
879 2126 1000 2204 Georgii
1020 2121 1141 2183 Pisidae
1166 2122 1348 2201 excipiebat,

246 2254 320 2311 neo,
342 2245 377 2295 nt
395 2252 451 2315 par
470 2242 549 2307 erat,
571 2226 831 2289 anirnadvertisset
844 2223 1000 2287 historiam
1014 2229 1145 2306 primam
1162 2224 1199 2285 de
1211 2228 1347 2304 impera-

247 2338 362 2397 toribus
381 2334 569 2397 Constantini
588 2335 744 2392 Manassae
762 2332 924 2411 synopsim
936 2350 1017 2407 esse,
1038 2350 1107 2389 eam
1120 2328 1248 2407 Georgio
1263 2328 1348 2387 Pisi-

123 2444 126 2452 '
250 2438 323 2517 dac,
345 2438 498 2522 sequentis
520 2438 618 2517 operis
640 2434 771 2511 suunt,
793 2431 849 2496 sed
867 2436 1028 2496 oscitanter
1044 2434 1152 2510 nimis,
1174 2430 1296 2493 donarit
1316 2438 1349 2490 et

250 2541 359 2603 harum
380 2560 483 2602 rerum
503 2542 604 2598 anxiis
624 2527 730 2597 fucum
754 2530 860 2595 fecit.’'
901 2537 983 2618 quod
999 2549 1100 2596 sutem
1116 2539 1288 2595 Hermastus
1305 2553 1348 2592 ex

249 2642 345 2703 Suida
366 2644 492 2724 probare
517 2639 686 2713 contendit,
722 2635 854 2697 chronici
878 2639 1032 2700 Paschalis
1056 2643 1231 2721 scriptorem
1253 2641 1349 2698 fuisse

249 2742 401 2820 Pisidam,
422 2745 493 2824 qui,
513 2754 548 2802 nt
559 2745 625 2822 ipse
640 2745 698 2816 ait,
720 2760 794 2800 aevo
807 2743 938 2800 Heraclii
953 2743 1077 2802 florebat
1089 2744 1212 2825 eiusque
1229 2765 1277 2803 res
1292 2763 1349 2824 ge-

249 2856 328 2923 stas,
349 2855 381 2905 et
399 2847 519 2906 Persica
539 2846 621 2905 bella
638 2845 773 2904 oratione
789 2844 883 2903 libera
902 2850 1084 2926 composuit,
1109 2867 1201 2928 quam
1217 2849 1257 2906 sit
1272 2845 1349 2906 ridi-

98 2961 127 3017 ρ.
143 2943 235 3004 xxm
251 2950 370 3026 culum,
392 2958 516 3029 apparet
536 2968 577 3008 ex
600 2950 638 3008 iis
657 2968 734 3030 quae
749 2947 787 3008 de
800 2952 971 3009 testimonio
988 2948 1100 3009 Suidae
1118 2952 1256 3030 superius
1269 2949 1351 3008 dicta

190 3071 195 3083 ·
250 3061 330 3115 sunt.
357 3071 431 3112 nam
447 3055 619 3113 Herwartns
633 3072 670 3111 ea
686 3054 751 3132 ipsa
766 3051 878 3112 Suidae
892 3053 999 3128 verba,
1017 3046 1201 3136 Ἑξαήμερον
1218 3046 1264 3116 δι’
1274 3049 1351 3134 ἰάμ-

251 3155 317 3237 βων
340 3154 385 3229 εἰς
405 3154 464 3236 ἔπη
483 3155 643 3237 τρισχίλια·
673 3152 717 3229 εἷς
733 3152 908 3237 Ὴρᾶκλειον
927 3150 982 3218 ro's
1002 3153 1138 3236 βασιλέα,
1161 3153 1213 3219 soi
1234 3155 1276 3229 ele
1291 3152 1349 3218 cdv

175 3305 179 3310 .
251 3251 328 3320 nord
345 3261 475 3338 Περσῶν
486 3252 635 3337 πόλεμον,
656 3254 696 3315 ad
708 3255 768 3316 hoc
783 3256 946 3324 chronicon
958 3255 1188 3337 significandum
1200 3261 1282 3318 inani
1292 3278 1348 3318 oo-

251 3370 326 3420 natu
344 3357 519 3441 detorquet,
542 3361 629 3439 quasi
648 3357 751 3417 Pisida
772 3381 833 3420 uno
854 3371 973 3420 tantum
990 3381 1080 3441 opere
1095 3373 1216 3441 coeptos
1226 3363 1264 3421 ab
1276 3363 1351 3420 orbe

253 3458 374 3520 condito
388 3481 485 3542 usque
497 3458 537 3518 ad
548 3461 721 3518 Heraclium
734 3473 764 3520 et
775 3465 930 3522 Persicum
947 3463 1062 3524 bellum
1074 3467 1206 3524 Heraclii
1216 3467 1351 3526 Annales

251 3571 427 3644 prosecutus
449 3566 499 3624 sit.
541 3564 583 3622 ita
602 3565 685 3621 enim
700 3560 736 3627 cd
754 3566 798 3640 εἰς
815 3569 1040 3646 iuterpretatur,
1062 3579 1096 3626 ut
1116 3569 1216 3628 valeat
1234 3587 1297 3626 non
1314 3567 1352 3626 da

251 3667 397 3727 Heraclab
408 3665 463 3727 sed
473 3686 570 3749 usque
582 3667 830 3743 callimachum,
841 3672 1077 3751 interpunctione
1092 3681 1160 3729 ante
1173 3669 1216 3744 sic
1227 3671 1352 3732 omnino

252 3772 382 3832 sublata.
422 3768 482 3830 hoc
505 3781 606 3831 autem
626 3790 739 3830 vanum
758 3791 824 3832 esse
845 3776 994 3833 Herwarti
1009 3784 1211 3834 commentum
1223 3771 1352 3832 demon-

251 3877 358 3933 strarit
377 3873 547 3934 Matthaeus
566 3869 701 3933 ttaderus
726 3876 759 3932 in
785 3875 892 3954 Procas.
921 3874 1037 3937 adhoc
1056 3879 1158 3956 ipsum
1179 3874 1351 3950 chronicon,

253 3974 336 4057 quod
355 3973 597 4036 Alexandrinum
614 3979 768 4056 inscripsit
788 3987 878 4058 atque
895 3977 1009 4056 edidit,
1032 3999 1072 4038 ex
1085 3983 1152 4059 ipso
1168 3977 1264 4039 Satida
1279 3979 1354 4036 satis

252 4087 355 4158 aperte
375 4081 515 4138 evincens
535 4081 745 4138 Hexaemeron
766 4079 886 4138 Pisidae
908 4101 973 4140 esse
994 4100 1068 4160 opus
1086 4101 1103 4138 a
1121 4083 1226 4140 ceteris
1242 4077 1353 4138 distin-

252 4191 345 4241 ctum.
388 4180 444 4240 sed
460 4191 491 4240 et
506 4179 640 4240 Raderus
653 4183 719 4260 ipse
733 4179 772 4240 de
784 4181 903 4260 Pisidae
915 4185 1033 4262 scriptis
1044 4185 1172 4265 loquens
1183 4183 1350 4242 alucinatus

251 4292 312 4342 est:
333 4302 406 4342 nam
418 4286 553 4365 primum
564 4304 606 4344 ex
616 4303 664 4346 ms
676 4283 743 4344 cod.
757 4287 795 4345 A.
806 4283 1005 4346 bibliothecae
1018 4288 1221 4366 Augustanae,
1243 4287 1276 4347 in
1290 4301 1350 4364 quo
