3017 4900
385 299 444 369 ΔΙ)
467 295 748 369 montuosum
771 297 925 370 Notas.
1130 300 1203 374 121

101 485 181 528 nnn
195 463 297 529 hiatus
309 476 365 529 est.
396 483 489 548 quare
504 465 644 526 asterisco
659 462 827 526 notandum
839 461 921 524 huno
931 465 1034 526 loousn
1047 465 1206 531 existimo:

100 574 213 636 neque
225 556 305 614 enisu
316 551 391 612 sdeo
401 554 543 632 supinum
555 552 649 610 luisse
662 549 866 631 Nicephorum
878 552 1004 612 arbitror
1014 561 1050 611 ut
1058 573 1207 615 annorum

91 635 153 708 '27
169 659 217 700 res
232 650 329 720 gestas
344 660 384 698 na
398 639 486 698 litera
501 633 625 718 quidem
638 638 780 720 attigerit.

197 744 229 804 p·
244 727 284 788 36
299 743 328 784 r.
346 725 396 789 17.
417 723 469 786 eal
481 716 591 785 sodsov
603 715 792 802 ἀρξαμένου]
813 721 1025 782 Constantinus
1036 725 1212 804 Pogonatns

24 829 26 864 z
106 811 308 871 Constantem
318 811 442 888 exeipit.
464 809 549 867 euius
564 809 747 888 temporibus
762 808 905 868 Saraceni
917 807 1051 866 Africana
1062 821 1093 868 et
1104 812 1213 870 Orien·

24 919 25 932 ³
106 906 177 956 tom
191 905 320 954 vastam.
361 912 460 974 neque
481 903 583 952 tamen
608 902 677 952 ante
700 911 815 952 annum
830 889 921 952 huius
937 894 1058 972 imperii
1072 896 1214 974 quintum

24 1005 25 1038 t
105 983 144 1040 in
160 977 327 1040 Thraciam
339 981 528 1058 navigarunt.
556 997 617 1058 quo
632 997 711 1038 anno
728 979 768 1037 ab
783 979 882 1058 Aprili
898 997 1003 1037 mense
1018 975 1058 1036 ad
1073 981 1214 1060 Septem-

23 1091 24 1108 ι
105 1066 199 1125 brem
212 1083 309 1146 usque
324 1066 465 1126 continuo
478 1073 644 1144 pugnatum
657 1073 720 1142 eat,
748 1074 781 1124 et
794 1073 880 1146 rapta
893 1065 1003 1146 Cyzico
1016 1063 1132 1125 ibidem
1144 1063 1215 1124 hia-

23 1179 25 1212 ε
103 1159 246 1211 marunt.

199 1255 230 1316 p·
242 1237 283 1300 37
296 1253 326 1294 v.
341 1237 373 1299 6.
415 1229 489 1298 tend
505 1225 564 1299 οὖν
576 1232 664 1317 hade]
681 1235 784 1296 scribit
791 1229 997 1316 Theophanes
1011 1243 1043 1296 et
1057 1233 1213 1298 cedrenus

22 1353 26 1386 ι
106 1341 143 1382 ιι.
157 1319 347 1382 constantini
360 1323 380 1384 9
393 1319 555 1381 Mardaitas
568 1322 718 1381 Libanum
733 1331 869 1380 montena
885 1341 1055 1402 ooenpasse,
1076 1332 1213 1382 tantum-

22 1445 23 1476 2
108 1425 177 1490 qne
199 1406 331 1466 barbaris
350 1406 488 1468 iniecisse
509 1418 653 1468 terrorem
664 1418 698 1467 ut
713 1425 821 1488 paoem
832 1408 1100 1468 illiooallomanis
1113 1410 1213 1488 petie-

22 1555 25 1564 ,
109 1493 187 1552 rint.
235 1493 297 1550 iam
317 1490 399 1572 quod
416 1496 438 1557 7
455 1503 534 1553 totos
550 1511 645 1552 annos
663 1491 714 1551 hio
729 1503 833 1553 noster
851 1495 951 1552 innuit
970 1494 1124 1554 obsessam
1145 1512 1212 1553 esse

110 1577 245 1658 cpolim,
256 1576 340 1636 idem
351 1574 502 1638 cedrenus
514 1597 551 1638 aa
560 1575 764 1658 Theophanes
776 1578 925 1636 aflirmsre
936 1576 1087 1637 sidentur.
1106 1597 1214 1638 rerum
1228 1582 1252 1638 l’
1266 1581 1304 1642 75

111 1663 173 1724 sub
191 1665 255 1724 eius
271 1665 397 1743 imperio
411 1664 598 1723 Constantini
616 1683 678 1723 non
691 1666 752 1724 nisi
770 1681 849 1722 anno
864 1663 884 1727 5
897 1668 930 1722 in
943 1661 1108 1723 Thraoiam
1120 1660 1214 1722 delati

21 1789 24 1822 ,
112 1758 205 1826 sunt,
233 1746 399 1828 eodemque
421 1765 500 1809 anno
520 1750 689 1810 eonseotnm
702 1759 750 1810 est
767 1769 823 1830 ope
837 1745 1077 1808 divinabellum.
1120 1767 1215 1830 quare

21 1875 23 1908 :
114 1853 188 1894 eunt
202 1835 342 1914 ambigue
356 1834 519 1914 loquantur
531 1835 595 1910 illi,
617 1833 656 1894 de
673 1845 736 1894 toto
750 1834 826 1893 belli
841 1844 995 1914 tempore,
1025 1831 1108 1916 quod
1121 1837 1215 1894 etiam

115 1921 174 1980 sub
190 1921 350 1979 Constante
362 1929 481 1998 gestum
495 1929 549 1996 est,
570 1937 627 2001 par
638 1930 684 1980 est
697 1939 845 1979 annorum
858 1938 1019 1978 numerum
1033 1922 1137 1999 aoeipi.
1167 1929 1216 1980 et·

21 2073 24 2082 ,
117 2007 202 2065 enim
215 2023 244 2064 a.
259 2007 324 2064 eiua
335 2009 377 2069 26
391 2002 612 2064 Chalcedonam
629 2007 747 2086 appulsi
761 2005 896 2064 maxima
907 2003 981 2064 inde
998 2003 1110 2085 praeda
1126 2006 1216 2086 potiti

116 2099 207 2166 sanet,
236 2109 254 2148 a
276 2108 335 2171 quo
352 2099 488 2170 tempore
502 2088 542 2149 ad
556 2111 584 2150 a.
600 2093 747 2170 Pogonati
766 2092 905 2171 quintum
919 2092 991 2147 anni
1004 2101 1074 2148 sunt
1089 2093 1218 2170 septeni.

119 2177 206 2256 atqui
221 2176 313 2234 etiam
326 2193 354 2234 a.
368 2175 538 2236 constantis
553 2179 593 2240 21
608 2187 638 2235 et
651 2175 792 2255 dainoeps
805 2175 924 2253 saepius
937 2175 970 2232 in
983 2174 1148 2234 Thmoiam
1160 2195 1220 2234 na-

118 2262 273 2339 vigarunt.
314 2278 386 2340 ergo
400 2261 442 2319 ita
455 2262 579 2320 forsitan
598 2257 805 2342 oomponenda
820 2279 868 2318 res
883 2270 944 2335 est,
967 2269 1016 2334 ut,
1044 2279 1220 2340 quanquam

119 2346 224 2427 plures
239 2363 334 2406 annos
350 2345 464 2404 bellum
478 2347 624 2423 tenuerit,
653 2355 756 2407 tamen
769 2345 891 2402 nonnisi
903 2346 1014 2422 septies
1029 2345 1150 2423 cpolim
1164 2365 1220 2404 us-

120 2450 182 2513 qne
203 2427 408 2512 populabundi
430 2433 630 2512 pervenerint.
681 2430 811 2507 insignis
836 2425 887 2486 hio
912 2445 1007 2488 annus
1031 2429 1220 2489 Constantiui

120 2518 243 2599 quintius
254 2517 311 2575 fuit
322 2518 470 2590 Graeculi,
493 2526 527 2574 ut
541 2524 659 2589 vocant,
679 2515 760 2593 ignis
772 2512 896 2571 artifieio
908 2522 976 2571 turn
990 2525 1118 2594 reperto,
1133 2518 1219 2575 ouius

120 2612 272 2663 auctorem
287 2598 446 2681 perhibent
459 2602 638 2659 Galliuioum
653 2596 814 2680 quendam,
837 2595 1033 2657 arohiteetnm
1048 2602 1218 2682 Heliopoli-

120 2698 227 2747 tanum
239 2706 257 2745 e
269 2686 374 2767 Syria3
396 2704 456 2766 quo
470 2686 660 2789 potissimum
671 2684 789 2743 barbari
803 2683 954 2763 profligati
966 2694 1046 2743 sunt.

206 2768 250 2829 ι’δ.
272 2788 304 2828 r.
327 2774 378 2834 10.
425 2792 503 2851 προς
521 2766 555 2832 di
570 2776 634 2842 τοῖς
649 2763 829 2847 πελάζουσι]
852 2770 996 2849 Sylaeum
1010 2772 1090 2829 inter
1105 2770 1218 2851 Lysiae

123 2854 213 2915 urbes
232 2865 263 2914 et
276 2850 474 2934 Pamphyliae
493 2866 632 2913 numerat
649 2856 860 2914 Constantinus
879 2854 1066 2936 Porphyrog.
1088 2856 1112 2915 l.
1135 2859 1153 2920 1
1179 2856 1218 2915 de

121 2938 235 3000 Them.
249 2958 268 2999 a
282 2940 427 2999 Vuloanio
439 2938 530 2999 edito.
560 2936 749 3019 Stephanus:
771 2935 900 3001 Σιλλιιιι
914 2936 1004 3015 ιιδλις
1019 2942 1155 3025 Φρυγίας
1166 2937 1220 3005 διδ

124 3030 178 3109 τῆς
192 3018 414 3171 Ἃιδοιφᾱδδχγου.
454 3021 534 3102 ervic
548 3022 583 3089 di
595 3024 789 3107 Παμφυλίας.
830 3020 952 3085 adverte
963 3044 1020 3107 per
1035 3048 1072 3103 ιι,
1090 3044 1154 3086 non
1164 3046 1220 3108 per

124 3134 155 3177 αι
167 3130 200 3173 ια
216 3112 224 3129 '
264 3130 284 3169 n
306 3128 369 3170 um.

209 3196 251 3256 ib.
274 3216 306 3256 v.
327 3200 378 3260 12.
420 3190 441 3259 δ
462 3190 496 3259 δὲ
514 3196 576 3257 sois
595 3192 803 3275 Σαραιιιχνόν]
832 3192 940 3253 aooidit
955 3191 1014 3255 hoo
1028 3212 1057 3254 s.
1072 3196 1222 3256 Constan-

126 3283 181 3342 tini
195 3286 227 3359 9,
248 3301 318 3341 oum
332 3280 474 3341 Saraoeni
489 3300 508 3339 a
521 3278 677 3341 Mardsitis
693 3282 802 3339 Libani
816 3282 928 3339 montis
941 3281 1139 3341 insessoribus
1150 3302 1223 3360 pre·

126 3378 287 3428 merentur.
330 3364 385 3427 sed
419 3365 481 3428 uod
494 3364 535 3425 ad
549 3366 654 3425 tn'buti
667 3383 819 3426 sesumam
835 3366 974 3444 pertinet,
995 3366 1086 3443 longe
1100 3385 1118 3423 a
1130 3368 1223 3425 Niee·

127 3448 220 3533 phoro
236 3450 364 3513 dissedit
376 3384 599 3533 Theophanes,
628 3448 702 3510 duna
715 3452 759 3510 ait
772 3448 923 3533 λγρραφαι
941 3448 1086 3531 γενέσθαι
1100 3447 1223 3532 εἰρήνης

129 3530 200 3621 μηδ’
225 3534 317 3619 ipsso
337 3533 429 3619 λόγον
450 3536 500 3601 tet
523 3528 691 3618 αιριφιῖιαιι
712 3535 834 3617 depulso
854 3530 973 3598 ιιιὶιιιαι
989 3533 1173 3618 παρέχεσθαι
1210 3539 1225 3555 ”

126 3620 274 3707 Ῥωμαϊκῇ
294 3624 429 3709 ιιολιιιλςι
449 3618 532 3706 ιιαρδ
549 3626 611 3685 sais
624 3612 800 3705 Ἀχαριχιιδν
811 3622 927 3703 χρυσοῦ
938 3617 1075 3701 χιλιδδας
1087 3620 1153 3699 etl,
1173 3558 1227 3682 dd

130 3704 243 3789 ἄνδρας
261 3700 465 3789 αἱχμαλιδταις
478 3702 500 3789 ἡ
514 3702 667 3789 χιλιάδας,
693 3704 747 3771 sul
759 3706 876 3780 λιιαιυς
889 3698 1019 3790 εδχιιιῖς
1035 3700 1073 3770 ι’.
1113 3708 1227 3766 imma·

129 3796 175 3853 nis
190 3796 360 3875 pensitatio.
403 3804 435 3854 at
449 3791 601 3901 Oedrepus
614 3793 738 3876 χρυσίον
753 3786 892 3873 χιλιάδας
902 3791 924 3854 λ.

131 3974 175 4023 ..
190 3878 395 4045 ..tetius
414 3873 991 4045 ,f'ttutuutst‘rt
1001 3876 1227 4022 tuus:
1240 3974 1264 4029 .
1279 3973 1317 4031 ..

133 4049 367 4131 expeditionem.
415 4047 507 4109 huius
524 4049 715 4132 ιιαριιιβαλιῑς
733 4049 875 4108 Latinam
890 4048 1165 4129 interpretationem
1184 4064 1226 4105 ex

133 4136 266 4195 hlisoella
280 4134 368 4195 Pauli
378 4135 503 4195 maooui
515 4144 617 4215 petere
631 4136 730 4215 quiris
744 4143 852 4215 potest,
873 4136 927 4215 qui
938 4135 1091 4217 plerisque
1098 4134 1131 4191 in
1140 4132 1227 4192 libris

133 4217 352 4301 Theophanem
366 4217 540 4281 adverbum
553 4216 666 4295 reddit,
687 4220 864 4301 praesertim
876 4220 1108 4299 posterioribus,
1135 4227 1171 4277 ut
1186 4234 1228 4277 ex
1284 4282 1289 4291 ‚

133 4306 169 4366 iis
181 4324 259 4389 quaa
274 4306 402 4387 sparsim
418 4306 632 4388 exsonpsinaus
647 4316 783 4368 oomtass
797 4315 908 4389 potest.
949 4325 1022 4367 uam
1035 4302 1184 4388 prioribus
1194 4304 1228 4362 in
