3017 4900
271 305 321 378 74
704 304 766 373 DU
791 301 932 371 cinon

271 473 384 554 templo
405 471 460 534 ΒΕ.
480 471 579 553 Sergii
599 481 629 531 et
645 469 774 532 Bacchi:
797 471 858 536 ἔστι
879 468 913 534 δὲ
932 461 1036 544 αὐτοῖς
1055 467 1112 550 plo
1130 465 1186 552 pir
1202 465 1288 549 ellel
1301 472 1368 532 :etv

270 555 438 642 προθύραια
459 551 547 630 στοά,
577 557 627 620 ἐπὶ
653 562 708 620 τοῦ
732 552 901 637 Νᾶρθηκος
927 551 1158 637 contorpescere
1183 549 1260 618 εἶναι
1283 549 1368 617 οἶνο-

270 643 416 724 μασρένη.
458 654 488 702 et
505 643 524 706 b
546 644 566 706 6
588 642 626 701 ds
639 644 752 723 templo
767 641 906 722 deiparae
920 643 1209 720 Hierosolymitano:
1232 633 1305 702 orosi
1320 663 1369 713 τις
1491 682 1492 695 ,

270 727 417 808 διαδέχεται
438 727 582 790 tasson
601 727 701 805 ἑτέρα,
722 726 773 790 ἐπὶ
786 733 842 790 τοῦ
858 720 1015 807 νᾶρθηῦῠσ
1034 720 1246 806 ω’νομασμένη,
1268 719 1367 802 οἶμαι,

268 817 310 897 τῷ
328 811 369 894 μὴ
393 806 594 894 οὔρῦνεσθαι,
615 814 667 873 ubi
685 814 847 892 Procopius
866 811 1005 871 vocabuli
1022 831 1077 870 seu
1091 810 1300 890 appellationis
1314 829 1369 867 ra-

270 901 384 957 tionem
397 900 538 972 insinuat,
556 899 658 980 sicque
672 897 766 957 dictas
776 895 947 958 istiusmodi
958 899 1088 976 porticus
1103 907 1171 953 ante
1182 896 1370 975 templorum

270 984 434 1058 vestibula,
457 982 537 1065 quod
553 986 584 1040 in
598 986 743 1043 maiorem
758 981 977 1062 longitudinem
990 1000 1080 1061 quam
1092 978 1281 1038 latitudinem
1293 999 1369 1059 por-

271 1071 453 1146 rigerentur,
483 1079 573 1150 atque
597 1070 639 1127 ita
664 1070 779 1128 ferulae
804 1071 936 1150 speciem
963 1064 1186 1148 quodammodo
1211 1065 1368 1138 referrent,
1491 1064 1492 1071 ’

271 1173 349 1233 qnae
369 1154 526 1232 oblongior
545 1163 590 1212 est
609 1172 700 1234 qnam
719 1154 822 1229 latior,
844 1165 878 1213 ut
897 1154 994 1213 obiter
1017 1155 1170 1230 attigimus
1183 1153 1217 1208 in
1231 1153 1310 1209 notis
1327 1149 1370 1208 ad
1491 1188 1492 1193 κ

269 1237 466 1298 Alexiadem:
497 1242 608 1318 quippe
630 1243 693 1300 πᾶν
714 1232 875 1321 δρομικόν,
902 1239 1000 1318 inquit
1022 1237 1220 1317 Zygomalas,
1243 1229 1371 1316 νάρθηξ
1491 1280 1492 1283 ¹

270 1323 394 1405 λέγεται.
435 1321 516 1382 unde
531 1343 592 1382 non
607 1325 728 1382 omnino
743 1321 941 1383 hallucinatos
953 1323 1023 1382 illos
1036 1321 1158 1381 evidens
1173 1332 1217 1380 est
1230 1323 1282 1402 qni
1294 1340 1371 1378 ner-

270 1405 391 1468 tbecem
406 1409 548 1468 ecclesiae
563 1411 711 1486 porticum
723 1409 818 1467 firisse
832 1411 992 1487 scripsere,
1015 1417 1049 1466 ut
1061 1407 1126 1465 vult
1138 1407 1266 1465 Allatius
1284 1407 1370 1464 Goa—

270 1515 339 1556 rum
353 1495 499 1566 innuens,
525 1490 770 1573 qnandoquidem
786 1491 819 1550 id
835 1493 954 1552 disertis
969 1493 1066 1562 verbis
1083 1490 1205 1550 tradunt
1222 1491 1370 1550 Silentia-

272 1581 334 1638 rius
347 1589 377 1638 et
388 1579 568 1658 Procopius3
591 1579 699 1659 quibus
714 1578 795 1636 lavat
808 1578 940 1637 cedinus
954 1579 986 1634 in
1001 1576 1369 1655 Originib.Lambecia11is

272 1683 305 1743 p·
321 1661 379 1726 45:
401 1660 454 1725 καλ
472 1667 529 1725 τοῦ
549 1663 646 1725 tanco
671 1657 767 1740 αὐτῆς
784 1662 878 1724 ἐκεῖσε
895 1656 1114 1740 ὄλισθῆσαντος
1126 1661 1299 1742 ἔμπροσθεν
1310 1664 1371 1723 τοῦ

273 1743 431 1829 νάρθηκος
454 1751 510 1809 τοῦ
535 1751 628 1823 ναοῦ,
658 1759 688 1807 at
707 1745 896 1824 Theorianus
918 1751 949 1805 in
970 1747 1134 1826 legatione,
1155 1744 1313 1826 νάρθηκα,
1334 1748 1371 1804 ἰα

274 1853 335 1914 quo
350 1835 536 1911 paenitentes
548 1833 681 1908 stabant,
705 1832 761 1908 ἔξω
776 1837 832 1911 τῆς
845 1833 1002 1911 ἐκκλησίας
1014 1841 1162 1907 stantem,
1185 1831 1236 1890 ubi
1250 1829 1371 1890 divinas

271 1920 451 1996 scripturas,
480 1919 577 1996 inquit
596 1919 666 1991 ille,
694 1917 871 1993 audiebant,
899 1937 976 2000 quae
1000 1917 1115 1976 scilicet
1135 1919 1168 1975 in
1191 1914 1265 1976 aede
1285 1935 1372 1975 sacra

272 2013 325 2061 ant
340 2002 539 2060 recitabantur
555 2011 608 2060 aut
624 1999 871 2077 decantabantur3
894 1999 975 2061 unde
994 1994 1184 2082 dupoor'psvos
1201 2004 1316 2081 passim
1336 2004 1372 2059 in

271 2085 412 2146 nartheca
435 2096 521 2145 extra
542 2089 698 2146 ecclesiam
723 2085 863 2146 dicuntur
887 2089 1069 2161 constitisse,
1092 2085 1172 2166 apud
1190 2087 1372 2164 Gregorium

271 2170 435 2232 Thaumat.
454 2190 520 2230 can.
538 2176 576 2246 2,
598 2175 747 2232 Zonaram
760 2171 801 2230 ad
814 2191 880 2230 can.
896 2174 913 2236 1
932 2175 1051 2231 aoncilii
1069 2173 1193 2231 Nicaeni
1213 2191 1240 2247 1,
1261 2172 1372 2230 Balsa-

271 2277 394 2316 monem
410 2255 449 2315 ad
465 2276 531 2314 can.
549 2255 588 2322 14
608 2257 743 2318 eiusdem
764 2259 902 2315 concilii:
924 2257 957 2320 ὃν
976 2259 1144 2337 βασιλικοῖς
1160 2260 1293 2330 καλοῖσι,
1314 2277 1371 2314 seu

271 2346 362 2422 regiis
379 2363 413 2401 ac
426 2343 597 2422 praecipuis
610 2343 772 2421 porticibus
789 2343 836 2400 rel
849 2342 980 2416 foribus,
1003 2342 1083 2421 apud
1094 2345 1239 2401 illexium
1250 2344 1370 2400 Ariste-

269 2450 361 2504 nurn,
383 2425 638 2509 quemadmodum
659 2438 870 2508 nuncupantur
888 2429 926 2486 ab
948 2429 1107 2488 Anastasio
1121 2448 1181 2487 non
1199 2428 1311 2503 semel,
1333 2437 1372 2486 ut

269 2516 349 2573 infra
370 2512 550 2573 indicamus.
590 2532 689 2594 neque
711 2514 803 2571 aliam
817 2515 895 2572 forte
908 2514 946 2572 ob
964 2516 1111 2573 rationem
1127 2512 1205 2571 dixit
1223 2515 1371 2596 Silentia-

270 2602 332 2657 rius
349 2620 376 2657 v.
396 2603 434 2662 13
449 2600 481 2655 in
494 2595 635 2656 nartbeoe
656 2618 745 2658 voces
765 2618 887 2657 sonoras
904 2596 1029 2657 Doridis
1052 2599 1185 2677 psalmos
1205 2602 1371 2656 concinen-

269 2686 348 2742 tium
369 2683 492 2741 alternis
513 2684 648 2743 cautibus
668 2681 858 2744 sacerdotum
880 2682 931 2763 (in
947 2702 1007 2743 nac
1027 2683 1160 2762 scilicet)
1181 2682 1319 2743 exaudiri
1332 2704 1372 2743 ac

269 2786 356 2829 aures
372 2766 421 2827 dei
434 2768 584 2825 mulcere:

434 2878 549 2948 ἐνθάδε
561 2908 608 2960 τις
620 2880 696 2947 sord
709 2878 804 2948 νύκτα
817 2877 978 2967 deductore
991 2876 1065 2967 ἦχος
1081 2880 1221 2970 dolorem

435 2964 594 3044 εὐκέλαδος
609 2974 751 3050 Χριστοῖο
764 2969 903 3054 βιαρκὲος
917 2967 1012 3034 σιἰἀτα
1025 2972 1136 3054 θέλγει.

164 3095 187 3147 Ρ
201 3094 255 3154 5³5
273 3090 323 3149 ubi
334 3109 389 3169 per
401 3085 476 3153 acad
489 3082 584 3154 odero
592 3088 713 3151 ridetur
723 3093 858 3152 innume
869 3111 973 3172 preces
986 3094 1187 3171 vespertinas,
1208 3090 1371 3175 dequibus

271 3176 416 3237 Paulinus
431 3180 499 3237 Nat
511 3180 550 3241 7:

888 3271 962 3319 tuuc
976 3280 1045 3340 ergo
1058 3260 1164 3320 ιοὶαὔν

434 3344 563 3404 coetibus
580 3364 602 3402 α
618 3344 727 3423 templo
744 3344 872 3416 ᾰοαιίαἰ,
889 3356 1052 3425 postquam
1067 3346 1242 3425 dotosessr'e

434 3428 607 3507 corporibus
618 3431 746 3516 requies,
767 3442 888 3508 surnpto
900 3432 992 3509 dape,
1012 3434 1162 3509 coepimus
1174 3430 1293 3511 lyrense

436 3514 569 3575 esrdtore
582 3513 636 3573 oleo
649 3525 678 3571 et
683 3514 814 3591 psalnue
821 3516 987 3594 producere
997 3528 1124 3575 uocum.

269 3626 301 3675 at
321 3635 374 3674 cur
389 3618 553 3696 porticum,
575 3634 669 3696 quam
683 3612 765 3674 nude
777 3634 812 3674 ac
824 3618 1000 3695 simpliciter
1011 3613 1154 3699 νάρθηκα
1166 3628 1251 3676 vocat
1265 3616 1372 3676 Silen-

270 3701 388 3774 tiarius,
418 3698 467 3765 tat
490 3704 548 3765 soti
568 3698 726 3782 νάρθηκος
748 3702 881 3781 appellet
897 3705 1077 3784 Procopius,
1106 3704 1191 3762 nulla
1210 3700 1287 3760 mibi
1307 3702 1372 3761 alia

268 3785 418 3844 suboritur
442 3787 626 3860 coniectura,
648 3804 741 3866 quam
766 3786 848 3866 quod
871 3788 1051 3847 familiarem
1071 3791 1305 3869 Byzantinorum
1322 3789 1373 3845 ci-

270 3871 353 3928 vium
374 3869 519 3951 loquendi
541 3891 656 3929 morem
675 3874 869 3951 expresserit,
893 3876 946 3953 qui
966 3873 1048 3955 qnod
1067 3873 1148 3932 nude
1164 3872 1291 3931 nortker
1307 3870 1372 3930 dici

270 3953 430 4030 debuerat,
451 3957 496 4015 ad
507 3956 676 4015 narthecem
691 3958 741 4015 vel
758 3959 793 4015 in
804 3958 945 4017 mrtheee
957 3960 1137 4033 efferebant,
1155 3952 1373 4038 ἀκροωμένους

269 4042 345 4099 forte
365 4042 541 4116 innuentes,
563 4044 616 4122 qui
634 4044 666 4101 in
686 4061 721 4100 eo
742 4044 942 4102 consistebant
958 4055 1011 4103 aut
1025 4047 1078 4123 qui
1096 4042 1136 4101 ed
1157 4063 1228 4101 eum
1248 4043 1372 4120 relega-

269 4126 394 4197 bantnr;
417 4124 671 4206 quemadmodum
687 4130 866 4205 posteriores
873 4131 980 4189 Graeci
992 4130 1097 4189 urbem
1105 4130 1294 4208 cpolitauam
1305 4147 1371 4186 non

269 4206 359 4274 πόλιν
371 4208 426 4270 sed
441 4206 514 4274 ordo
530 4205 620 4274 πόλιν
633 4212 843 4291 appellabant,
864 4216 911 4272 uti
921 4215 995 4274 alibi
1009 4215 1200 4275 observatum
1213 4223 1268 4271 est.
1310 4232 1371 4271 ne-

269 4314 327 4376 que
352 4298 433 4357 euim
454 4298 575 4358 omnino
597 4294 708 4357 arridet
729 4318 833 4359 eorum
853 4302 999 4361 sententia
1014 4302 1068 4384 qai
1079 4298 1130 4365 tat
1144 4319 1200 4381 pro
1217 4290 1281 4363 αἀὅ
1296 4318 1371 4379 per-
