3017 4900
256 337 307 411 80
691 335 753 406 llll
779 333 919 404 GdNGll

256 518 321 580 tor,
342 513 378 565 nt
391 511 423 563 et
432 497 514 583 apud
526 499 720 562 Anmtasiusn
731 501 807 562 bibl.
821 503 853 561 in
866 499 1058 562 Anastasiou
1068 501 1119 560 FP
1131 511 1162 562 ot
1174 502 1206 562 ln
1220 499 1362 584 S.Sym-

254 587 375 652 macho.
418 599 488 648 sunt
505 590 588 646 enim
606 587 742 648 canthari
754 587 837 668 apud
851 589 1015 668 Ulpianum
1037 587 1118 665 (leg.
1135 589 1173 652 41
1194 584 1245 668 §2
1259 591 1298 648 D.
1319 588 1364 647 de

254 679 347 756 legat.
365 676 403 756 l)
425 692 572 755 aquaram
587 675 790 756 receptacula,
811 671 893 733 unde
917 691 1013 754 aquae
1035 684 1205 752 erumpunt.
1249 673 1363 732 eadem

197 792 200 801 =
255 765 348 841 igitur
373 762 495 820 notione
514 758 656 837 plss'sslom
681 760 872 840 appellarunt
896 759 1021 834 Graeci,
1052 756 1134 838 quod
1154 759 1363 839 rumphaeam

255 849 430 908 Anastasius
445 847 477 902 in
491 843 524 903 S.
537 845 643 904 Hilaro
654 846 714 905 PP.
754 843 839 904 idem
850 845 995 903 Paulinus
1006 845 1076 902 Nat.
1092 846 1148 910 10:

418 931 540 990 inlm'or
554 931 651 988 variis
664 931 819 989 omatibus
835 949 907 988 ursa
921 929 1011 1000 ndat,

419 1016 502 1074 laesa
513 1034 604 1093 supas·
616 1018 714 1083 uetes,
736 1025 766 1072 et
777 1025 883 1094 aperto
895 1013 962 1074 luce
975 1014 1085 1072 cerasus

407 1099 579 1182 frontibus,
599 1111 690 1180 atque
705 1099 791 1180 infra
807 1101 902 1158 nivers
914 1099 1053 1158 redimita
1069 1097 1229 1172 columns's5

422 1187 510 1244 euim
523 1187 558 1242 s'rs
572 1188 701 1264 exposito
711 1185 892 1265 praelucens
906 1184 1071 1243 mactmus
1085 1193 1193 1256 exstet,

422 1290 511 1352 quem
522 1269 689 1330 melloto
702 1273 776 1351 segis
787 1289 875 1330 aerea
887 1269 1018 1329 morbis
1031 1270 1132 1328 carris.

422 1366 519 1414 cetero
530 1354 680 1434 dispositis
691 1365 775 1414 stant
785 1377 861 1415 vasu
876 1353 933 1413 sub
945 1355 1015 1413 ubre
1027 1353 1109 1413 mado

411 1439 590 1522 scammelis,
607 1451 698 1520 grato
712 1442 796 1500 varia
809 1439 918 1522 quibus
931 1439 1116 1515 ords‘sufixs's

422 1524 545 1584 ἀνὀοἱᾶοέ
558 1528 634 1584 arts's
647 1547 736 1604 opus,
757 1525 916 1584 oossoordat
927 1543 1006 1584 vam
1021 1522 1151 1594 msam,

421 1631 543 1690 ursaque
555 1609 672 1670 divwso
680 1612 761 1690 fluit
773 1631 822 1670 ore
835 1611 979 1688 capacius
992 1609 1086 1668 undo.

258 1693 398 1754 meminit
413 1693 497 1754 idem
519 1697 732 1755 Constantinus
746 1717 773 1755 o.
787 1697 828 1761 69
841 1693 963 1775 phialae
979 1715 1032 1754 seu
1048 1692 1149 1753 balnei
1163 1690 1296 1750 Venetas
1308 1685 1361 1745 fa-

258 1781 382 1854 ctionis,
406 1789 438 1840 st
457 1781 579 1840 alterius
598 1779 721 1860 phialae
733 1784 877 1841 Prasinas
890 1781 1044 1855 factionis,
1067 1789 1098 1838 et
1109 1777 1165 1836 lib.
1180 1773 1218 1834 da
1231 1771 1360 1832 Admin.

255 1868 333 1945 imp.
347 1885 373 1924 o.
386 1863 426 1929 61
445 1867 506 1925 loci
519 1860 631 1941 φιάλας
643 1865 730 1941 dicti,
751 1869 784 1925 in
801 1885 860 1946 quo
873 1863 984 1925 iudicia
997 1868 1076 1924 iuter
1087 1863 1215 1940 remiges
1231 1877 1361 1918 exerce-

255 1952 382 2024 bantur3
403 1946 485 2010 mide
504 1950 588 2010 illius
606 1949 702 2010 iudex
722 1951 891 2032 praelectus
911 1949 1031 2031 phialae
1052 1948 1251 2022 vocitabatur,
1273 1945 1359 2002 illins

255 2037 333 2096 forte
346 2054 439 2116 quam
450 2031 655 2116 Theophanes
669 2056 702 2116 p.
713 2040 775 2102 807
790 2047 821 2096 et
837 2034 989 2095 cedrenus
1001 2056 1032 2115 Ρ.
1046 2035 1109 2100 442
1127 2053 1145 2092 a
1161 2029 1359 2091 Rhinotmeto

256 2124 420 2180 excitatam
434 2121 527 2180 lausa
540 2121 673 2180 scribunt
687 2121 730 2196 εἰς
742 2117 778 2184 so*
790 2125 942 2185 τελεῖσθαι
954 2119 1017 2184 ἐκεῖ
1030 2117 1233 2198 σαξοοὲξιμον.
1265 2113 1360 2173 huius

255 2210 348 2266 etiam
367 2210 483 2266 mentio
504 2215 549 2265 est
569 2205 650 2286 apud
668 2209 804 2266 Leonem
825 2208 1062 2266 Grammaticum
1080 2207 1112 2264 in
1131 2199 1304 2281 Theophilo
1326 2209 1361 2258 et

255 2293 434 2370 Gregorium
454 2292 488 2350 in
507 2293 570 2350 sita
591 2292 625 2352 S.
647 2292 754 2352 Basilii
774 2294 903 2352 iunioris
925 2311 956 2352 n.
976 2291 1028 2355 38.
1072 2301 1102 2349 at
1115 2286 1218 2368 plriala
1235 2285 1361 2368 proprie

257 2375 366 2436 dicitur
387 2387 484 2436 totum
504 2373 583 2435 illud
604 2375 775 2437 aedilicium
795 2397 856 2460 quo
880 2377 1056 2458 cingebatur·
1068 2386 1098 2435 et
1111 2375 1267 2455 tegebatur
1283 2391 1361 2429 can·

256 2461 361 2523 tharus
378 2465 443 2543 ipso
458 2483 513 2524 seu
527 2482 674 2567 spatarum
688 2466 926 2543 receptaculum,
949 2461 1031 2547 quod
1044 2458 1078 2527 sd
1091 2461 1224 2542 ἔμβαὸον
1238 2455 1290 2519 sal
1304 2454 1360 2520 τὸν

254 2546 400 2627 πυθμένα
422 2552 478 2628 τῆς
499 2553 613 2629 ursulae
635 2560 723 2609 vocat
742 2547 827 2608 idem
849 2550 1077 2624 Constantinus,
1099 2540 1232 2627 ἔμβᾶοην
1249 2540 1360 2602 Theo-

256 2630 373 2713 phanes
396 2644 427 2691 et
445 2630 682 2712 Euchologium,
702 2636 736 2695 in
760 2653 819 2716 quo
840 2645 870 2693 et
886 2635 1066 2716 κολομβεῖον
1081 2640 1280 2710 nuncupatur.
1324 2628 1360 2685 in

257 2718 350 2777 simili
369 2718 453 2777 labro
474 2720 618 2797 scriptum
630 2721 704 2779 olim
716 2738 838 2780 versum
850 2717 932 2779 huno
943 2715 1165 2799 retrogradum,
1188 2717 1241 2797 qui
1259 2712 1362 2771 habe·

256 2813 308 2861 tar
327 2805 360 2860 in
379 2800 580 2881 Anthologia,
603 2804 684 2885 apud
707 2806 867 2864 Gruterum
886 2814 915 2863 et
930 2807 1022 2880 alios,
1045 2807 1145 2877 aiunt,
1165 2802 1262 2878 νίψον
1281 2792 1361 2861 ἄνο-

258 2885 383 2969 μνίματο
395 2883 438 2967 μή
451 2885 550 2965 μόνον
564 2884 649 2964 ὄψιν.
684 2893 797 2971 quippe
812 2888 917 2950 fideles
930 2892 1105 2971 priusquam
1121 2884 1227 2945 aedem
1240 2902 1361 2945 sacram

257 2970 500 3051 ingrederentur,
522 2976 609 3054 aquis
620 2977 703 3049 istis,
725 2995 803 3056 quse
818 2995 837 3034 a
850 2974 1003 3039 sacerdote
1019 2971 1286 3048 benedicebantur,
1307 2970 1361 3027 l'a-

257 3060 319 3118 cies
332 3068 363 3118 at
374 3076 482 3117 manns
495 3059 646 3119 lavabant.
687 3058 760 3119 hino
772 3062 917 3121 Paulinus
933 3059 972 3120 ad
985 3062 1148 3120 Severum:

421 3154 528 3201 sancto
542 3147 639 3203 nuens
644 3144 782 3225 sacculis
793 3148 929 3206 interluit
940 3149 1021 3205 auia
1032 3143 1163 3224 lymphis

420 3228 597 3301 cambum,
618 3232 843 3312 mumurque
855 3254 965 3291 monus
979 3232 1066 3290 lavat
1075 3248 1164 3287 omns
1175 3226 1324 3284 πιίηἰοῑνο.

257 3321 348 3390 atqua
361 3308 420 3370 hac
432 3313 562 3371 fontium
575 3334 671 3396 aquae
685 3320 846 3397 quotannis
859 3320 891 3376 iu
907 3317 1066 3398 pervigilio
1083 3332 1235 3375 sacrorum
1249 3308 1360 3369 Theo-

257 3393 454 3474 phaniomm,
476 3397 627 3457 interdum
643 3402 675 3457 in
690 3404 757 3480 ipso
771 3403 848 3461 festo
867 3402 931 3478 die,
953 3401 1201 3463 consecrabantur
1216 3407 1245 3454 et
1260 3396 1360 3453 bene-

257 3478 450 3557 dicebantur;
473 3500 600 3561 quarum
623 3483 839 3546 benedictionis
859 3486 932 3548 ordo
954 3480 1130 3546 babetur‘in
1146 3480 1359 3559 Euchologio:

256 3564 338 3624 nude
351 3561 452 3629 νόσων
463 3561 667 3644 dseluosmcl,
683 3564 838 3649 δαιμόνων
851 3572 1068 3655 poyadeosssal
1077 3567 1158 3650 apud
1169 3569 1360 3626 Clementem

257 3652 289 3708 in
305 3651 431 3710 constit.
445 3653 567 3731 Apost,
590 3652 747 3733 luposssso'o
759 3660 867 3737 ψυχῶν
882 3658 934 3720 sal
948 3652 1112 3737 σωμάτων,
1135 3654 1208 3713 alibi
1222 3651 1361 3732 ἇμαρτη·

257 3731 361 3815 μάτων
385 3730 546 3816 λυτήριον,
569 3748 626 3796 etc.
657 3740 690 3798 in
714 3740 822 3801 eodem
842 3740 1029 3822 Euchologio
1054 3740 1203 3801 dicuutur.
1247 3734 1360 3795 harum

255 3820 323 3879 loco
347 3839 529 3897 successere,
556 3828 732 3903 praesertim
755 3825 836 3906 apud
859 3831 1001 3902 Latinos,
1022 3846 1099 3909 quae
1121 3828 1153 3883 in
1175 3824 1361 3903 templorum

255 3905 352 3964 salsis
372 3909 483 3985 exponi
502 3909 599 3967 solent
620 3910 758 3971 lustrales
777 3910 891 3989 undae,
912 3915 957 3972 uti
974 3915 1027 3993 qui
1042 3909 1080 3970 de
1094 3910 1199 3970 'ritibus
1213 3908 1360 3969 ecclesia-

257 3991 339 4048 sticis
363 3992 506 4069 scripsere
533 3993 651 4073 pridem
672 3994 846 4057 docuerunt.
890 4000 1042 4057 enimvero
1066 3994 1148 4077 quod
1166 3995 1359 4055 silentiarius

256 4072 296 4133 de
314 4086 459 4155 perpetuo
481 4096 626 4157 aquarum
645 4078 816 4160 Sophianae
835 4080 955 4162 phialas
973 4083 1118 4140 miraculo
1135 4080 1252 4156 subdit,
1274 4090 1306 4140 et
1322 4094 1359 4141 ut

255 4161 290 4218 in
316 4162 472 4239 pervigilIo
501 4166 579 4222 sacri
596 4164 683 4238 festi,
709 4185 814 4225 menso
838 4186 929 4248 quem
948 4167 1150 4247 χρυσοχὶνωνα
1170 4177 1273 4241 vocat,
1303 4187 1358 4227 eae

258 4246 387 4305 vasculis
408 4244 532 4306 haustae
556 4260 587 4307 et
606 4268 624 4307 a
640 4250 729 4328 plebe
748 4248 916 4311 Christiana
935 4250 1059 4311 domum
1072 4260 1238 4331 asportatae
1255 4255 1359 4311 incor-

155 4336 178 4388 P
194 4336 247 4396 540
261 4340 367 4412 raptas
387 4344 544 4393 manarant
566 4336 712 4416 nulloque
732 4340 951 4425 corriperentur
970 4354 1092 4397 mucore
1115 4336 1164 4395 vel
1187 4334 1358 4417 putredine,
