<?xml version="1.0" encoding="UTF-8"?>
<!DOCTYPE html PUBLIC "-//W3C//DTD XHTML 1.0 Transitional//EN"
    "http://www.w3.org/TR/xhtml1/DTD/xhtml1-transitional.dtd">
<html xmlns="http://www.w3.org/1999/xhtml" xml:lang="en" lang="en">
 <head>
  <title>
</title>
<meta http-equiv="Content-Type" content="text/html;charset=utf-8" />
  <meta name='ocr-system' content='tesseract 3.04.00' />
  <meta name='ocr-capabilities' content='ocr_page ocr_carea ocr_par ocr_line ocrx_word'/>
</head>
<body>
  <div class='ocr_page' id='page_1' title='image "./corpusscriptoru02unkngoog/corpusscriptoru02unkngoog_0408.png"; bbox 0 0 3017 4900; ppageno 0'>
   <div class='ocr_carea' id='block_1_1' title="bbox 553 328 1233 403">
    <p class='ocr_par' dir='ltr' id='par_1_1' title="bbox 553 328 1233 403">
     <span class='ocr_line' id='line_1_1' title="bbox 553 328 1233 403; baseline 0.006 -5"><span class='ocrx_word' id='word_1_1' title='bbox 553 330 760 399; x_wconf 74' lang='lat' dir='ltr'><strong>ACROASIN</strong></span> <span class='ocrx_word' id='word_1_2' title='bbox 785 331 811 398; x_wconf 81' lang='lat' dir='ltr'><strong>t</strong></span> <span class='ocrx_word' id='word_1_3' title='bbox 1161 328 1233 403; x_wconf 79' lang='lat'><strong>149</strong></span> 
     </span>
    </p>
   </div>
   <div class='ocr_carea' id='block_1_2' title="bbox 122 497 1246 2883">
    <p class='ocr_par' dir='ltr' id='par_1_2' title="bbox 123 497 1234 1689">
     <span class='ocr_line' id='line_1_2' title="bbox 129 497 1231 581; baseline 0 -22"><span class='ocrx_word' id='word_1_4' title='bbox 129 502 298 581; x_wconf 88' lang='lat' dir='ltr'><strong>conscripta</strong></span> <span class='ocrx_word' id='word_1_5' title='bbox 314 512 343 561; x_wconf 85' lang='lat' dir='ltr'><strong>et</strong></span> <span class='ocrx_word' id='word_1_6' title='bbox 354 518 371 558; x_wconf 90' lang='lat' dir='ltr'><strong>a</strong></span> <span class='ocrx_word' id='word_1_7' title='bbox 384 497 535 559; x_wconf 84' lang='lat' dir='ltr'><strong>Bandurio</strong></span> <span class='ocrx_word' id='word_1_8' title='bbox 552 498 713 581; x_wconf 79' lang='lat' dir='ltr'><strong>dliigenter</strong></span> <span class='ocrx_word' id='word_1_9' title='bbox 726 500 852 559; x_wconf 83' lang='lat' dir='ltr'><strong>collecta</strong></span> <span class='ocrx_word' id='word_1_10' title='bbox 873 498 969 579; x_wconf 87' lang='lat' dir='ltr'><strong>(Imp.</strong></span> <span class='ocrx_word' id='word_1_11' title='bbox 992 498 1109 559; x_wconf 82' lang='lat' dir='ltr'><strong>Orr&#39;cnt.</strong></span> <span class='ocrx_word' id='word_1_12' title='bbox 1125 510 1196 559; x_wconf 78' lang='lat' dir='ltr'><strong>tom.</strong></span> <span class='ocrx_word' id='word_1_13' title='bbox 1211 504 1231 565; x_wconf 91' lang='lat'>1</span> 
     </span>
     <span class='ocr_line' id='line_1_3' title="bbox 128 584 1232 665; baseline 0.001 -21"><span class='ocrx_word' id='word_1_14' title='bbox 128 587 187 645; x_wconf 72' lang='lat' dir='ltr'><strong>lib.</strong></span> <span class='ocrx_word' id='word_1_15' title='bbox 204 593 225 651; x_wconf 87' lang='grc'><strong>7</strong></span> <span class='ocrx_word' id='word_1_16' title='bbox 237 608 273 664; x_wconf 89' lang='lat' dir='ltr'><strong>p.</strong></span> <span class='ocrx_word' id='word_1_17' title='bbox 290 584 368 663; x_wconf 87' lang='lat'>135)</span> <span class='ocrx_word' id='word_1_18' title='bbox 390 586 453 643; x_wconf 85' lang='lat' dir='ltr'><strong>ulla</strong></span> <span class='ocrx_word' id='word_1_19' title='bbox 472 586 624 645; x_wconf 86' lang='lat' dir='ltr'><strong>invenitur</strong></span> <span class='ocrx_word' id='word_1_20' title='bbox 639 588 793 665; x_wconf 76' lang='lat' dir='ltr'><strong>inscriptio</strong></span> <span class='ocrx_word' id='word_1_21' title='bbox 808 588 840 643; x_wconf 91' lang='lat' dir='ltr'><strong>in</strong></span> <span class='ocrx_word' id='word_1_22' title='bbox 856 584 978 643; x_wconf 82' lang='lat' dir='ltr'><strong>laudem</strong></span> <span class='ocrx_word' id='word_1_23' title='bbox 992 586 1125 643; x_wconf 82' lang='lat' dir='ltr'><strong>Heraclii</strong></span> <span class='ocrx_word' id='word_1_24' title='bbox 1140 586 1232 645; x_wconf 82' lang='lat' dir='ltr'><strong>facta.</strong></span> 
     </span>
     <span class='ocr_line' id='line_1_4' title="bbox 129 669 1232 752; baseline -0.001 -23"><span class='ocrx_word' id='word_1_25' title='bbox 129 692 300 752; x_wconf 74' lang='lat' dir='ltr'><strong>anonymus</strong></span> <span class='ocrx_word' id='word_1_26' title='bbox 320 672 411 750; x_wconf 84' lang='lat' dir='ltr'><strong>plane</strong></span> <span class='ocrx_word' id='word_1_27' title='bbox 432 674 559 751; x_wconf 80' lang='lat' dir='ltr'><strong>scriptor</strong></span> <span class='ocrx_word' id='word_1_28' title='bbox 575 670 656 751; x_wconf 90' lang='lat' dir='ltr'><strong>apud</strong></span> <span class='ocrx_word' id='word_1_29' title='bbox 673 670 804 731; x_wconf 84' lang='lat' dir='ltr'><strong>eundem</strong></span> <span class='ocrx_word' id='word_1_30' title='bbox 816 669 1004 729; x_wconf 81' lang='lat' dir='ltr'><strong>Bandurium</strong></span> <span class='ocrx_word' id='word_1_31' title='bbox 1016 680 1087 747; x_wconf 63' lang='lat' dir='ltr'><strong>tom,</strong></span> <span class='ocrx_word' id='word_1_32' title='bbox 1107 676 1123 733; x_wconf 94' lang='lat' dir='ltr'>l</span> <span class='ocrx_word' id='word_1_33' title='bbox 1139 670 1194 728; x_wconf 67' lang='lat' dir='ltr'><strong>lib.</strong></span> <span class='ocrx_word' id='word_1_34' title='bbox 1210 675 1232 734; x_wconf 77' lang='lat'><strong>2</strong></span> 
     </span>
     <span class='ocr_line' id='line_1_5' title="bbox 123 756 1231 845; baseline -0.004 -26"><span class='ocrx_word' id='word_1_35' title='bbox 123 780 163 834; x_wconf 83' lang='lat' dir='ltr'><strong>p·</strong></span> <span class='ocrx_word' id='word_1_36' title='bbox 179 762 229 845; x_wconf 78' lang='lat'><strong>29,</strong></span> <span class='ocrx_word' id='word_1_37' title='bbox 248 758 438 837; x_wconf 86' lang='lat' dir='ltr'><strong>antiquitates</strong></span> <span class='ocrx_word' id='word_1_38' title='bbox 445 757 571 835; x_wconf 87' lang='lat' dir='ltr'><strong>Cpoleos</strong></span> <span class='ocrx_word' id='word_1_39' title='bbox 584 757 760 835; x_wconf 85' lang='lat' dir='ltr'><strong>singulatim</strong></span> <span class='ocrx_word' id='word_1_40' title='bbox 771 756 952 830; x_wconf 82' lang='lat' dir='ltr'><strong>describens,</strong></span> <span class='ocrx_word' id='word_1_41' title='bbox 965 756 1057 814; x_wconf 78' lang='lat' dir='ltr'>refert</span> <span class='ocrx_word' id='word_1_42' title='bbox 1068 758 1231 835; x_wconf 82' lang='lat' dir='ltr'><strong>propeBa·</strong></span> 
     </span>
     <span class='ocr_line' id='line_1_6' title="bbox 130 839 1230 916; baseline -0.002 -15"><span class='ocrx_word' id='word_1_43' title='bbox 130 844 248 901; x_wconf 80' lang='lat' dir='ltr'><strong>silicam</strong></span> <span class='ocrx_word' id='word_1_44' title='bbox 262 842 355 901; x_wconf 85' lang='lat' dir='ltr'><strong>fuisse</strong></span> <span class='ocrx_word' id='word_1_45' title='bbox 370 852 600 899; x_wconf 87' lang='lat' dir='ltr'><strong>monumentum</strong></span> <span class='ocrx_word' id='word_1_46' title='bbox 614 844 751 901; x_wconf 87' lang='lat' dir='ltr'><strong>Heraclio</strong></span> <span class='ocrx_word' id='word_1_47' title='bbox 765 840 914 916; x_wconf 88' lang='lat' dir='ltr'><strong>dicatum,</strong></span> <span class='ocrx_word' id='word_1_48' title='bbox 936 842 1090 899; x_wconf 81' lang='lat' dir='ltr'><strong>Excmum</strong></span> <span class='ocrx_word' id='word_1_49' title='bbox 1106 839 1230 915; x_wconf 87' lang='lat' dir='ltr'><strong>dictum,</strong></span> 
     </span>
     <span class='ocr_line' id='line_1_7' title="bbox 130 925 1233 1007; baseline -0.002 -23"><span class='ocrx_word' id='word_1_50' title='bbox 130 925 215 1007; x_wconf 88' lang='lat' dir='ltr'><strong>quod</strong></span> <span class='ocrx_word' id='word_1_51' title='bbox 231 928 336 985; x_wconf 83' lang='lat' dir='ltr'><strong>Petrus</strong></span> <span class='ocrx_word' id='word_1_52' title='bbox 357 928 476 1005; x_wconf 85' lang='lat' dir='ltr'><strong>Gyllius</strong></span> <span class='ocrx_word' id='word_1_53' title='bbox 507 928 635 1005; x_wconf 52' lang='lat' dir='ltr'><strong>Typogr.</strong></span> <span class='ocrx_word' id='word_1_54' title='bbox 663 928 748 1007; x_wconf 69' lang='lat' dir='ltr'><strong>spol.</strong></span> <span class='ocrx_word' id='word_1_55' title='bbox 769 927 824 985; x_wconf 78' lang='lat' dir='ltr'><strong>lib.</strong></span> <span class='ocrx_word' id='word_1_56' title='bbox 841 932 862 990; x_wconf 76' lang='lat'><strong>2</strong></span> <span class='ocrx_word' id='word_1_57' title='bbox 880 948 907 985; x_wconf 88' lang='lat' dir='ltr'><strong>c.</strong></span> <span class='ocrx_word' id='word_1_58' title='bbox 924 930 963 990; x_wconf 87' lang='lat'><strong>19</strong></span> <span class='ocrx_word' id='word_1_59' title='bbox 984 926 1156 983; x_wconf 70' lang='lat' dir='ltr'><strong>Eremmon</strong></span> <span class='ocrx_word' id='word_1_60' title='bbox 1176 946 1233 1005; x_wconf 85' lang='lat' dir='ltr'><strong>ap-</strong></span> 
     </span>
     <span class='ocr_line' id='line_1_8' title="bbox 128 1006 1233 1091; baseline 0.002 -22"><span class='ocrx_word' id='word_1_61' title='bbox 128 1013 233 1091; x_wconf 88' lang='lat' dir='ltr'><strong>pellat.</strong></span> <span class='ocrx_word' id='word_1_62' title='bbox 277 1014 420 1089; x_wconf 77' lang='lat' dir='ltr'><strong>anonymi</strong></span> <span class='ocrx_word' id='word_1_63' title='bbox 438 1010 528 1069; x_wconf 86' lang='lat' dir='ltr'><strong>verba</strong></span> <span class='ocrx_word' id='word_1_64' title='bbox 546 1010 622 1070; x_wconf 90' lang='lat' dir='ltr'><strong>haec</strong></span> <span class='ocrx_word' id='word_1_65' title='bbox 634 1025 721 1071; x_wconf 83' lang='lat' dir='ltr'><strong>srmt:</strong></span> <span class='ocrx_word' id='word_1_66' title='bbox 745 1013 789 1087; x_wconf 76' lang='grc' dir='ltr'><strong>εἰς</strong></span> <span class='ocrx_word' id='word_1_67' title='bbox 804 1010 837 1075; x_wconf 77' lang='grc' dir='ltr'><strong>δὲ</strong></span> <span class='ocrx_word' id='word_1_68' title='bbox 852 1006 903 1075; x_wconf 79' lang='grc' dir='ltr'><strong>τὸν</strong></span> <span class='ocrx_word' id='word_1_69' title='bbox 915 1014 971 1087; x_wconf 83' lang='grc' dir='ltr'><strong>τῆς</strong></span> <span class='ocrx_word' id='word_1_70' title='bbox 985 1014 1148 1087; x_wconf 58' lang='lat' dir='ltr'><strong>Bretiande</strong></span> <span class='ocrx_word' id='word_1_71' title='bbox 1161 1034 1233 1091; x_wconf 73' lang='grc' dir='ltr'><strong>χρυ·</strong></span> 
     </span>
     <span class='ocr_line' id='line_1_9' title="bbox 129 1089 1233 1180; baseline -0.002 -21"><span class='ocrx_word' id='word_1_72' title='bbox 129 1092 267 1179; x_wconf 80' lang='grc' dir='ltr'><em>σόφορον</em></span> <span class='ocrx_word' id='word_1_73' title='bbox 286 1091 383 1159; x_wconf 72' lang='grc' dir='ltr'><em>ὀπίσω</em></span> <span class='ocrx_word' id='word_1_74' title='bbox 404 1100 461 1159; x_wconf 82' lang='lat' dir='ltr'><strong>rori</strong></span> <span class='ocrx_word' id='word_1_75' title='bbox 476 1098 576 1176; x_wconf 81' lang='grc' dir='ltr'><strong><em>μιλίου</em></strong></span> <span class='ocrx_word' id='word_1_76' title='bbox 592 1089 634 1175; x_wconf 75' lang='grc' dir='ltr'><strong>ἦν</strong></span> <span class='ocrx_word' id='word_1_77' title='bbox 646 1090 859 1179; x_wconf 77' lang='grc' dir='ltr'><strong><em>ἇνδροείεελον</em></strong></span> <span class='ocrx_word' id='word_1_78' title='bbox 874 1093 993 1180; x_wconf 67' lang='grc' dir='ltr'><strong><em>ἄγαλμα</em></strong></span> <span class='ocrx_word' id='word_1_79' title='bbox 1004 1094 1233 1177; x_wconf 72' lang='grc' dir='ltr'><strong>χρυσὲμβαφεν,</strong></span> 
     </span>
     <span class='ocr_line' id='line_1_10' title="bbox 130 1174 1232 1262; baseline -0.005 -19"><span class='ocrx_word' id='word_1_80' title='bbox 130 1181 209 1243; x_wconf 78' lang='grc' dir='ltr'><strong><em>ἔνθα</em></strong></span> <span class='ocrx_word' id='word_1_81' title='bbox 221 1174 262 1262; x_wconf 76' lang='grc' dir='ltr'><strong>ἦν</strong></span> <span class='ocrx_word' id='word_1_82' title='bbox 277 1178 311 1244; x_wconf 78' lang='lat' dir='ltr'><strong>cd</strong></span> <span class='ocrx_word' id='word_1_83' title='bbox 321 1177 455 1261; x_wconf 79' lang='grc' dir='ltr'><em>Ἔξαμον</em></span> <span class='ocrx_word' id='word_1_84' title='bbox 468 1180 642 1262; x_wconf 78' lang='grc' dir='ltr'><strong><em>Ἡρακλείου</em></strong></span> <span class='ocrx_word' id='word_1_85' title='bbox 656 1188 712 1247; x_wconf 79' lang='lat' dir='ltr'><strong>rori</strong></span> <span class='ocrx_word' id='word_1_86' title='bbox 723 1183 875 1261; x_wconf 73' lang='grc' dir='ltr'><strong><em>βασιλέως.</em></strong></span> <span class='ocrx_word' id='word_1_87' title='bbox 918 1180 972 1240; x_wconf 88' lang='lat' dir='ltr'><strong>sed</strong></span> <span class='ocrx_word' id='word_1_88' title='bbox 991 1200 1060 1239; x_wconf 92' lang='lat' dir='ltr'><strong>cum</strong></span> <span class='ocrx_word' id='word_1_89' title='bbox 1082 1179 1156 1262; x_wconf 90' lang='lat' dir='ltr'><strong>quid</strong></span> <span class='ocrx_word' id='word_1_90' title='bbox 1176 1181 1232 1239; x_wconf 83' lang='lat' dir='ltr'><strong>sub</strong></span> 
     </span>
     <span class='ocr_line' id='line_1_11' title="bbox 128 1264 1234 1344; baseline 0 -19"><span class='ocrx_word' id='word_1_91' title='bbox 128 1264 188 1325; x_wconf 89' lang='lat' dir='ltr'><strong>hac</strong></span> <span class='ocrx_word' id='word_1_92' title='bbox 206 1286 279 1326; x_wconf 86' lang='lat' dir='ltr'><strong>voce</strong></span> <span class='ocrx_word' id='word_1_93' title='bbox 302 1266 455 1325; x_wconf 84' lang='lat' dir='ltr'><strong>Examum</strong></span> <span class='ocrx_word' id='word_1_94' title='bbox 478 1268 571 1325; x_wconf 87' lang='lat' dir='ltr'><strong>lateat</strong></span> <span class='ocrx_word' id='word_1_95' title='bbox 588 1288 678 1328; x_wconf 87' lang='lat' dir='ltr'><strong>nemo</strong></span> <span class='ocrx_word' id='word_1_96' title='bbox 702 1266 829 1344; x_wconf 81' lang='lat' dir='ltr'><strong>dixerit,</strong></span> <span class='ocrx_word' id='word_1_97' title='bbox 851 1264 930 1325; x_wconf 88' lang='lat' dir='ltr'><strong>nihil</strong></span> <span class='ocrx_word' id='word_1_98' title='bbox 946 1265 1067 1325; x_wconf 87' lang='lat' dir='ltr'><strong>definio.</strong></span> <span class='ocrx_word' id='word_1_99' title='bbox 1110 1285 1234 1325; x_wconf 79' lang='lat' dir='ltr'><strong>verum-</strong></span> 
     </span>
     <span class='ocr_line' id='line_1_12' title="bbox 128 1350 1232 1433; baseline -0.001 -23"><span class='ocrx_word' id='word_1_100' title='bbox 128 1359 231 1411; x_wconf 81' lang='lat' dir='ltr'><strong>tamen</strong></span> <span class='ocrx_word' id='word_1_101' title='bbox 243 1372 303 1411; x_wconf 88' lang='lat' dir='ltr'><strong>uon</strong></span> <span class='ocrx_word' id='word_1_102' title='bbox 316 1354 411 1411; x_wconf 86' lang='lat' dir='ltr'><strong>semel</strong></span> <span class='ocrx_word' id='word_1_103' title='bbox 424 1364 541 1411; x_wconf 88' lang='lat' dir='ltr'><strong>tautum</strong></span> <span class='ocrx_word' id='word_1_104' title='bbox 560 1356 638 1412; x_wconf 85' lang='lat' dir='ltr'><strong>cives</strong></span> <span class='ocrx_word' id='word_1_105' title='bbox 655 1358 687 1413; x_wconf 91' lang='lat' dir='ltr'><strong>in</strong></span> <span class='ocrx_word' id='word_1_106' title='bbox 703 1357 781 1433; x_wconf 83' lang='lat' dir='ltr'><strong>grati</strong></span> <span class='ocrx_word' id='word_1_107' title='bbox 794 1354 889 1413; x_wconf 89' lang='lat' dir='ltr'><strong>animi</strong></span> <span class='ocrx_word' id='word_1_108' title='bbox 903 1355 1111 1411; x_wconf 89' lang='lat' dir='ltr'><strong>testimonium</strong></span> <span class='ocrx_word' id='word_1_109' title='bbox 1124 1350 1232 1410; x_wconf 88' lang='lat' dir='ltr'><strong>huius-</strong></span> 
     </span>
     <span class='ocr_line' id='line_1_13' title="bbox 128 1436 1232 1525; baseline 0 -30"><span class='ocrx_word' id='word_1_110' title='bbox 128 1437 214 1497; x_wconf 91' lang='lat' dir='ltr'><strong>modi</strong></span> <span class='ocrx_word' id='word_1_111' title='bbox 234 1437 369 1517; x_wconf 84' lang='lat' dir='ltr'><strong>pubiicos</strong></span> <span class='ocrx_word' id='word_1_112' title='bbox 390 1436 519 1497; x_wconf 90' lang='lat' dir='ltr'><strong>honores</strong></span> <span class='ocrx_word' id='word_1_113' title='bbox 533 1440 671 1498; x_wconf 86' lang='lat' dir='ltr'><strong>Heraclio</strong></span> <span class='ocrx_word' id='word_1_114' title='bbox 684 1438 868 1513; x_wconf 82' lang='lat' dir='ltr'><strong>decrevisse,</strong></span> <span class='ocrx_word' id='word_1_115' title='bbox 885 1457 945 1497; x_wconf 90' lang='lat' dir='ltr'><strong>non</strong></span> <span class='ocrx_word' id='word_1_116' title='bbox 961 1449 1007 1497; x_wconf 85' lang='lat' dir='ltr'><strong>est</strong></span> <span class='ocrx_word' id='word_1_117' title='bbox 1022 1436 1232 1525; x_wconf 73' lang='lat' dir='ltr'><strong>dubitandum,</strong></span> 
     </span>
     <span class='ocr_line' id='line_1_14' title="bbox 130 1520 1232 1603; baseline -0.001 -22"><span class='ocrx_word' id='word_1_118' title='bbox 130 1542 166 1581; x_wconf 89' lang='lat' dir='ltr'><strong>ac</strong></span> <span class='ocrx_word' id='word_1_119' title='bbox 187 1534 290 1581; x_wconf 88' lang='lat' dir='ltr'><strong>noster</strong></span> <span class='ocrx_word' id='word_1_120' title='bbox 309 1520 433 1603; x_wconf 89' lang='lat' dir='ltr'><strong>quidem</strong></span> <span class='ocrx_word' id='word_1_121' title='bbox 452 1525 598 1602; x_wconf 78' lang='lat' dir='ltr'><strong>Georgius</strong></span> <span class='ocrx_word' id='word_1_122' title='bbox 621 1527 707 1584; x_wconf 90' lang='lat' dir='ltr'><strong>testis</strong></span> <span class='ocrx_word' id='word_1_123' title='bbox 730 1536 776 1584; x_wconf 86' lang='lat' dir='ltr'><strong>est</strong></span> <span class='ocrx_word' id='word_1_124' title='bbox 797 1528 856 1583; x_wconf 86' lang='lat' dir='ltr'><strong>alia</strong></span> <span class='ocrx_word' id='word_1_125' title='bbox 870 1526 937 1582; x_wconf 82' lang='lat' dir='ltr'><strong>ricc</strong></span> <span class='ocrx_word' id='word_1_126' title='bbox 954 1535 1090 1583; x_wconf 88' lang='lat' dir='ltr'><strong>curatum</strong></span> <span class='ocrx_word' id='word_1_127' title='bbox 1102 1524 1232 1581; x_wconf 76' lang='lat' dir='ltr'><strong>fuisses</strong></span> 
     </span>
     <span class='ocr_line' id='line_1_15' title="bbox 128 1607 1077 1689; baseline 0.001 -23"><span class='ocrx_word' id='word_1_128' title='bbox 128 1610 293 1687; x_wconf 78' lang='lat' dir='ltr'><strong>cpolitanis</strong></span> <span class='ocrx_word' id='word_1_129' title='bbox 307 1618 340 1665; x_wconf 86' lang='lat' dir='ltr'><strong>ut</strong></span> <span class='ocrx_word' id='word_1_130' title='bbox 353 1610 516 1687; x_wconf 87' lang='lat' dir='ltr'><strong>imperator</strong></span> <span class='ocrx_word' id='word_1_131' title='bbox 530 1613 713 1689; x_wconf 81' lang='lat' dir='ltr'><strong>pingeretur.</strong></span> <span class='ocrx_word' id='word_1_132' title='bbox 755 1610 887 1668; x_wconf 74' lang='lat' dir='ltr'><strong>Acroce.</strong></span> <span class='ocrx_word' id='word_1_133' title='bbox 902 1630 963 1688; x_wconf 82' lang='lat' dir='ltr'><strong>aeq.</strong></span> <span class='ocrx_word' id='word_1_134' title='bbox 980 1629 1009 1668; x_wconf 84' lang='lat' dir='ltr'><strong>v.</strong></span> <span class='ocrx_word' id='word_1_135' title='bbox 1024 1607 1077 1672; x_wconf 81' lang='lat'><strong>64.</strong></span> 
     </span>
    </p>

    <p class='ocr_par' dir='ltr' id='par_1_3' title="bbox 122 1692 1246 2713">
     <span class='ocr_line' id='line_1_16' title="bbox 213 1692 1231 1776; baseline -0.001 -25"><span class='ocrx_word' id='word_1_136' title='bbox 213 1696 264 1757; x_wconf 85' lang='lat'><strong>98.</strong></span> <span class='ocrx_word' id='word_1_137' title='bbox 308 1712 362 1751; x_wconf 91' lang='lat' dir='ltr'><strong>cur</strong></span> <span class='ocrx_word' id='word_1_138' title='bbox 375 1694 526 1772; x_wconf 82' lang='lat' dir='ltr'><strong>Scipionis</strong></span> <span class='ocrx_word' id='word_1_139' title='bbox 543 1714 710 1773; x_wconf 82' lang='lat' dir='ltr'><strong>cognomen</strong></span> <span class='ocrx_word' id='word_1_140' title='bbox 724 1699 825 1775; x_wconf 90' lang='lat' dir='ltr'><strong>potius</strong></span> <span class='ocrx_word' id='word_1_141' title='bbox 841 1712 933 1776; x_wconf 88' lang='lat' dir='ltr'><strong>quam</strong></span> <span class='ocrx_word' id='word_1_142' title='bbox 944 1692 1071 1775; x_wconf 80' lang='lat' dir='ltr'><strong>quodvis</strong></span> <span class='ocrx_word' id='word_1_143' title='bbox 1086 1692 1170 1752; x_wconf 85' lang='lat' dir='ltr'><strong>aliud</strong></span> <span class='ocrx_word' id='word_1_144' title='bbox 1185 1693 1231 1751; x_wconf 90' lang='lat' dir='ltr'><strong>ci-</strong></span> 
     </span>
     <span class='ocr_line' id='line_1_17' title="bbox 128 1774 1232 1859; baseline 0.001 -23"><span class='ocrx_word' id='word_1_145' title='bbox 128 1798 181 1837; x_wconf 84' lang='lat' dir='ltr'><strong>ves</strong></span> <span class='ocrx_word' id='word_1_146' title='bbox 195 1778 333 1837; x_wconf 85' lang='lat' dir='ltr'><strong>Heraclio</strong></span> <span class='ocrx_word' id='word_1_147' title='bbox 348 1780 473 1859; x_wconf 86' lang='lat' dir='ltr'><strong>eiusque</strong></span> <span class='ocrx_word' id='word_1_148' title='bbox 487 1780 591 1838; x_wconf 88' lang='lat' dir='ltr'><strong>liberis</strong></span> <span class='ocrx_word' id='word_1_149' title='bbox 604 1782 801 1856; x_wconf 81' lang='lat' dir='ltr'><strong>attribuerint,</strong></span> <span class='ocrx_word' id='word_1_150' title='bbox 822 1791 858 1839; x_wconf 89' lang='lat' dir='ltr'><strong>nt</strong></span> <span class='ocrx_word' id='word_1_151' title='bbox 873 1799 914 1837; x_wconf 86' lang='lat' dir='ltr'><strong>ex</strong></span> <span class='ocrx_word' id='word_1_152' title='bbox 925 1776 985 1837; x_wconf 91' lang='lat' dir='ltr'><strong>hoc</strong></span> <span class='ocrx_word' id='word_1_153' title='bbox 997 1782 1124 1853; x_wconf 73' lang='lat' dir='ltr'><strong>secono,</strong></span> <span class='ocrx_word' id='word_1_154' title='bbox 1147 1774 1232 1859; x_wconf 88' lang='lat' dir='ltr'><strong>quod</strong></span> 
     </span>
     <span class='ocr_line' id='line_1_18' title="bbox 128 1862 1231 1945; baseline -0.002 -22"><span class='ocrx_word' id='word_1_155' title='bbox 128 1866 260 1923; x_wconf 89' lang='lat' dir='ltr'><strong>continet</strong></span> <span class='ocrx_word' id='word_1_156' title='bbox 278 1862 441 1939; x_wconf 89' lang='lat' dir='ltr'><strong>decretum,</strong></span> <span class='ocrx_word' id='word_1_157' title='bbox 466 1876 598 1945; x_wconf 84' lang='lat' dir='ltr'><strong>apparet,</strong></span> <span class='ocrx_word' id='word_1_158' title='bbox 622 1877 778 1944; x_wconf 90' lang='lat' dir='ltr'><strong>eamputo</strong></span> <span class='ocrx_word' id='word_1_159' title='bbox 794 1882 1005 1939; x_wconf 67' lang='lat' dir='ltr'><strong>caecantem,</strong></span> <span class='ocrx_word' id='word_1_160' title='bbox 1027 1863 1110 1945; x_wconf 86' lang='lat' dir='ltr'><strong>quod</strong></span> <span class='ocrx_word' id='word_1_161' title='bbox 1121 1867 1231 1923; x_wconf 84' lang='lat' dir='ltr'><strong>merito</strong></span> 
     </span>
     <span class='ocr_line' id='line_1_19' title="bbox 129 1948 1231 2031; baseline -0.001 -23"><span class='ocrx_word' id='word_1_162' title='bbox 129 1949 210 2029; x_wconf 86' lang='lat' dir='ltr'><strong>apud</strong></span> <span class='ocrx_word' id='word_1_163' title='bbox 233 1959 349 2009; x_wconf 81' lang='lat' dir='ltr'><strong>veteres</strong></span> <span class='ocrx_word' id='word_1_164' title='bbox 369 1966 480 2027; x_wconf 83' lang='lat' dir='ltr'><strong>magno</strong></span> <span class='ocrx_word' id='word_1_165' title='bbox 500 1953 533 2009; x_wconf 91' lang='lat' dir='ltr'><strong>in</strong></span> <span class='ocrx_word' id='word_1_166' title='bbox 555 1948 670 2010; x_wconf 87' lang='lat' dir='ltr'><strong>honore</strong></span> <span class='ocrx_word' id='word_1_167' title='bbox 694 1963 774 2011; x_wconf 86' lang='lat' dir='ltr'><strong>esset</strong></span> <span class='ocrx_word' id='word_1_168' title='bbox 790 1952 967 2031; x_wconf 82' lang='lat' dir='ltr'><strong>Scipionum</strong></span> <span class='ocrx_word' id='word_1_169' title='bbox 987 1967 1116 2008; x_wconf 74' lang='lat' dir='ltr'><strong>uomens</strong></span> <span class='ocrx_word' id='word_1_170' title='bbox 1144 1948 1231 2007; x_wconf 79' lang='lat' dir='ltr'><strong>nulla</strong></span> 
     </span>
     <span class='ocr_line' id='line_1_20' title="bbox 129 2036 1231 2118; baseline 0 -25"><span class='ocrx_word' id='word_1_171' title='bbox 129 2038 211 2094; x_wconf 90' lang='lat' dir='ltr'><strong>enim</strong></span> <span class='ocrx_word' id='word_1_172' title='bbox 228 2054 302 2113; x_wconf 88' lang='lat' dir='ltr'><strong>gens</strong></span> <span class='ocrx_word' id='word_1_173' title='bbox 314 2044 360 2093; x_wconf 86' lang='lat' dir='ltr'><strong>tot</strong></span> <span class='ocrx_word' id='word_1_174' title='bbox 376 2036 462 2094; x_wconf 87' lang='lat' dir='ltr'><strong>claris</strong></span> <span class='ocrx_word' id='word_1_175' title='bbox 476 2036 549 2093; x_wconf 82' lang='lat' dir='ltr'><strong>viris</strong></span> <span class='ocrx_word' id='word_1_176' title='bbox 563 2037 689 2095; x_wconf 86' lang='lat' dir='ltr'><strong>illustris</strong></span> <span class='ocrx_word' id='word_1_177' title='bbox 702 2056 802 2118; x_wconf 86' lang='lat' dir='ltr'><strong>neque</strong></span> <span class='ocrx_word' id='word_1_178' title='bbox 814 2046 858 2096; x_wconf 92' lang='lat' dir='ltr'><strong>tot</strong></span> <span class='ocrx_word' id='word_1_179' title='bbox 872 2036 961 2093; x_wconf 85' lang='lat' dir='ltr'><strong>rebus</strong></span> <span class='ocrx_word' id='word_1_180' title='bbox 971 2036 1123 2114; x_wconf 81' lang='lat' dir='ltr'><strong>praeclare</strong></span> <span class='ocrx_word' id='word_1_181' title='bbox 1139 2036 1231 2113; x_wconf 80' lang='lat' dir='ltr'><strong>gestis</strong></span> 
     </span>
     <span class='ocr_line' id='line_1_21' title="bbox 129 2119 1246 2200; baseline -0.003 -21"><span class='ocrx_word' id='word_1_182' title='bbox 129 2119 204 2181; x_wconf 87' lang='lat' dir='ltr'><strong>adeo</strong></span> <span class='ocrx_word' id='word_1_183' title='bbox 217 2122 346 2199; x_wconf 83' lang='lat' dir='ltr'><strong>insignis</strong></span> <span class='ocrx_word' id='word_1_184' title='bbox 359 2130 393 2179; x_wconf 87' lang='lat' dir='ltr'><strong>ut</strong></span> <span class='ocrx_word' id='word_1_185' title='bbox 407 2119 582 2200; x_wconf 87' lang='lat' dir='ltr'><strong>Scipiadum</strong></span> <span class='ocrx_word' id='word_1_186' title='bbox 598 2140 672 2199; x_wconf 83' lang='lat' dir='ltr'><strong>gens</strong></span> <span class='ocrx_word' id='word_1_187' title='bbox 687 2122 761 2198; x_wconf 85' lang='lat' dir='ltr'><strong>fuit,</strong></span> <span class='ocrx_word' id='word_1_188' title='bbox 784 2120 865 2181; x_wconf 89' lang='lat' dir='ltr'><strong>unde</strong></span> <span class='ocrx_word' id='word_1_189' title='bbox 867 2121 968 2200; x_wconf 73' lang='lat' dir='ltr'><strong>fines</strong></span> <span class='ocrx_word' id='word_1_190' title='bbox 981 2130 1012 2178; x_wconf 85' lang='lat' dir='ltr'><strong>at</strong></span> <span class='ocrx_word' id='word_1_191' title='bbox 1026 2121 1099 2179; x_wconf 80' lang='lat' dir='ltr'><strong>duri</strong></span> <span class='ocrx_word' id='word_1_192' title='bbox 1110 2120 1188 2179; x_wconf 81' lang='lat' dir='ltr'><strong>bello</strong></span> <span class='ocrx_word' id='word_1_193' title='bbox 1201 2130 1246 2177; x_wconf 41' lang='lat' dir='ltr'><strong>et*</strong></span> 
     </span>
     <span class='ocr_line' id='line_1_22' title="bbox 122 2204 1233 2288; baseline 0 -26"><span class='ocrx_word' id='word_1_194' title='bbox 122 2205 266 2287; x_wconf 82' lang='lat' dir='ltr'><strong>fulmina</strong></span> <span class='ocrx_word' id='word_1_195' title='bbox 286 2204 359 2263; x_wconf 85' lang='lat' dir='ltr'><strong>belli</strong></span> <span class='ocrx_word' id='word_1_196' title='bbox 375 2208 490 2285; x_wconf 86' lang='lat' dir='ltr'><strong>passim</strong></span> <span class='ocrx_word' id='word_1_197' title='bbox 511 2207 548 2265; x_wconf 89' lang='lat' dir='ltr'><strong>ab</strong></span> <span class='ocrx_word' id='word_1_198' title='bbox 569 2209 698 2288; x_wconf 87' lang='lat' dir='ltr'><strong>antiquis</strong></span> <span class='ocrx_word' id='word_1_199' title='bbox 725 2208 919 2286; x_wconf 80' lang='lat' dir='ltr'><strong>scrIptoribus</strong></span> <span class='ocrx_word' id='word_1_200' title='bbox 944 2208 1098 2285; x_wconf 85' lang='lat' dir='ltr'><strong>appellati.</strong></span> <span class='ocrx_word' id='word_1_201' title='bbox 1141 2215 1233 2285; x_wconf 87' lang='lat' dir='ltr'><strong>atque</strong></span> 
     </span>
     <span class='ocr_line' id='line_1_23' title="bbox 130 2289 1233 2371; baseline -0.001 -22"><span class='ocrx_word' id='word_1_202' title='bbox 130 2290 208 2350; x_wconf 86' lang='lat' dir='ltr'><strong>haec</strong></span> <span class='ocrx_word' id='word_1_203' title='bbox 223 2294 264 2349; x_wconf 90' lang='lat' dir='ltr'><strong>ita</strong></span> <span class='ocrx_word' id='word_1_204' title='bbox 281 2310 345 2351; x_wconf 89' lang='lat' dir='ltr'><strong>esse</strong></span> <span class='ocrx_word' id='word_1_205' title='bbox 360 2289 550 2371; x_wconf 86' lang='lat' dir='ltr'><strong>accipienda,</strong></span> <span class='ocrx_word' id='word_1_206' title='bbox 572 2294 645 2353; x_wconf 85' lang='lat' dir='ltr'><strong>facit</strong></span> <span class='ocrx_word' id='word_1_207' title='bbox 660 2296 753 2353; x_wconf 87' lang='lat' dir='ltr'><strong>etiarn</strong></span> <span class='ocrx_word' id='word_1_208' title='bbox 769 2296 930 2353; x_wconf 85' lang='lat' dir='ltr'><strong>auotoritas</strong></span> <span class='ocrx_word' id='word_1_209' title='bbox 942 2290 1167 2370; x_wconf 85' lang='lat' dir='ltr'><strong>Theophylacti</strong></span> <span class='ocrx_word' id='word_1_210' title='bbox 1180 2292 1233 2349; x_wconf 84' lang='lat' dir='ltr'><strong>si-</strong></span> 
     </span>
     <span class='ocr_line' id='line_1_24' title="bbox 128 2375 1233 2459; baseline -0.003 -24"><span class='ocrx_word' id='word_1_211' title='bbox 128 2387 278 2435; x_wconf 83' lang='lat' dir='ltr'><strong>mocattcc</strong></span> <span class='ocrx_word' id='word_1_212' title='bbox 301 2382 317 2439; x_wconf 91' lang='lat'>1</span> <span class='ocrx_word' id='word_1_213' title='bbox 343 2376 399 2453; x_wconf 84' lang='lat'><strong>14,</strong></span> <span class='ocrx_word' id='word_1_214' title='bbox 432 2380 485 2459; x_wconf 90' lang='lat' dir='ltr'><strong>qui</strong></span> <span class='ocrx_word' id='word_1_215' title='bbox 506 2375 711 2458; x_wconf 85' lang='lat' dir='ltr'><strong>Philippicum</strong></span> <span class='ocrx_word' id='word_1_216' title='bbox 730 2380 868 2437; x_wconf 82' lang='lat' dir='ltr'><strong>Mauricii</strong></span> <span class='ocrx_word' id='word_1_217' title='bbox 886 2378 1034 2436; x_wconf 79' lang='lat' dir='ltr'><strong>sororium</strong></span> <span class='ocrx_word' id='word_1_218' title='bbox 1053 2386 1083 2433; x_wconf 90' lang='lat' dir='ltr'><strong>et</strong></span> <span class='ocrx_word' id='word_1_219' title='bbox 1100 2376 1233 2433; x_wconf 87' lang='lat' dir='ltr'><strong>militum</strong></span> 
     </span>
     <span class='ocr_line' id='line_1_25' title="bbox 129 2461 1232 2543; baseline -0.002 -21"><span class='ocrx_word' id='word_1_220' title='bbox 129 2461 238 2522; x_wconf 81' lang='lat' dir='ltr'><strong>ducem</strong></span> <span class='ocrx_word' id='word_1_221' title='bbox 261 2463 500 2522; x_wconf 86' lang='lat' dir='ltr'><strong>strenuissimum</strong></span> <span class='ocrx_word' id='word_1_222' title='bbox 521 2465 657 2543; x_wconf 89' lang='lat' dir='ltr'><strong>Scipioni</strong></span> <span class='ocrx_word' id='word_1_223' title='bbox 677 2466 790 2543; x_wconf 87' lang='lat' dir='ltr'><strong>pariter</strong></span> <span class='ocrx_word' id='word_1_224' title='bbox 803 2465 898 2524; x_wconf 83' lang='lat' dir='ltr'><strong>fuisse</strong></span> <span class='ocrx_word' id='word_1_225' title='bbox 912 2473 1118 2541; x_wconf 86' lang='lat' dir='ltr'><strong>comparatum</strong></span> <span class='ocrx_word' id='word_1_226' title='bbox 1128 2462 1232 2522; x_wconf 70' lang='lat' dir='ltr'><strong>ntea.</strong></span> 
     </span>
     <span class='ocr_line' id='line_1_26' title="bbox 128 2545 1232 2630; baseline -0.002 -22"><span class='ocrx_word' id='word_1_227' title='bbox 128 2547 209 2608; x_wconf 87' lang='lat' dir='ltr'><strong>uude</strong></span> <span class='ocrx_word' id='word_1_228' title='bbox 232 2557 371 2628; x_wconf 84' lang='lat' dir='ltr'><strong>apparet,</strong></span> <span class='ocrx_word' id='word_1_229' title='bbox 392 2548 425 2608; x_wconf 90' lang='lat' dir='ltr'><strong>id</strong></span> <span class='ocrx_word' id='word_1_230' title='bbox 446 2547 528 2630; x_wconf 90' lang='lat' dir='ltr'><strong>quod</strong></span> <span class='ocrx_word' id='word_1_231' title='bbox 543 2547 702 2608; x_wconf 88' lang='lat' dir='ltr'><strong>hominum</strong></span> <span class='ocrx_word' id='word_1_232' title='bbox 714 2553 856 2628; x_wconf 85' lang='lat' dir='ltr'><strong>opinione</strong></span> <span class='ocrx_word' id='word_1_233' title='bbox 874 2547 914 2608; x_wconf 85' lang='lat' dir='ltr'><strong>de</strong></span> <span class='ocrx_word' id='word_1_234' title='bbox 926 2545 1098 2628; x_wconf 80' lang='lat' dir='ltr'><strong>Philippico</strong></span> <span class='ocrx_word' id='word_1_235' title='bbox 1111 2547 1232 2608; x_wconf 79' lang='lat' dir='ltr'><strong>fereba-</strong></span> 
     </span>
     <span class='ocr_line' id='line_1_27' title="bbox 128 2633 896 2713; baseline 0.003 -21"><span class='ocrx_word' id='word_1_236' title='bbox 128 2645 191 2710; x_wconf 87' lang='lat' dir='ltr'><strong>tur,</strong></span> <span class='ocrx_word' id='word_1_237' title='bbox 213 2645 318 2713; x_wconf 85' lang='lat' dir='ltr'><strong>postea</strong></span> <span class='ocrx_word' id='word_1_238' title='bbox 332 2635 426 2694; x_wconf 85' lang='lat' dir='ltr'><strong>fuisse</strong></span> <span class='ocrx_word' id='word_1_239' title='bbox 441 2636 510 2713; x_wconf 84' lang='lat' dir='ltr'><strong>lege</strong></span> <span class='ocrx_word' id='word_1_240' title='bbox 526 2639 676 2694; x_wconf 85' lang='lat' dir='ltr'><strong>sancitum</strong></span> <span class='ocrx_word' id='word_1_241' title='bbox 693 2633 730 2696; x_wconf 87' lang='lat' dir='ltr'><strong>de</strong></span> <span class='ocrx_word' id='word_1_242' title='bbox 746 2637 896 2697; x_wconf 87' lang='lat' dir='ltr'><strong>Heraclio.</strong></span> 
     </span>
    </p>

    <p class='ocr_par' dir='ltr' id='par_1_4' title="bbox 128 2713 1231 2883">
     <span class='ocr_line' id='line_1_28' title="bbox 216 2713 1231 2802; baseline -0.007 -19"><span class='ocrx_word' id='word_1_243' title='bbox 216 2722 286 2783; x_wconf 86' lang='lat'><strong>100.</strong></span> <span class='ocrx_word' id='word_1_244' title='bbox 330 2738 419 2799; x_wconf 84' lang='lat' dir='ltr'><strong>saepe</strong></span> <span class='ocrx_word' id='word_1_245' title='bbox 430 2721 604 2780; x_wconf 87' lang='lat' dir='ltr'><strong>Heraclium</strong></span> <span class='ocrx_word' id='word_1_246' title='bbox 616 2721 718 2782; x_wconf 85' lang='lat' dir='ltr'><strong>Pisida</strong></span> <span class='ocrx_word' id='word_1_247' title='bbox 732 2723 865 2802; x_wconf 87' lang='lat' dir='ltr'><strong>appellat</strong></span> <span class='ocrx_word' id='word_1_248' title='bbox 877 2721 1045 2798; x_wconf 68' lang='lat' dir='ltr'><strong>(luporum,</strong></span> <span class='ocrx_word' id='word_1_249' title='bbox 1067 2737 1159 2798; x_wconf 85' lang='lat' dir='ltr'><strong>quem</strong></span> <span class='ocrx_word' id='word_1_250' title='bbox 1172 2713 1231 2776; x_wconf 86' lang='lat' dir='ltr'><strong>ho-</strong></span> 
     </span>
     <span class='ocr_line' id='line_1_29' title="bbox 128 2803 1228 2883; baseline -0.002 -20"><span class='ocrx_word' id='word_1_251' title='bbox 128 2806 207 2863; x_wconf 85' lang='lat' dir='ltr'><strong>noris</strong></span> <span class='ocrx_word' id='word_1_252' title='bbox 225 2805 349 2863; x_wconf 83' lang='lat' dir='ltr'><strong>titulum</strong></span> <span class='ocrx_word' id='word_1_253' title='bbox 371 2806 591 2883; x_wconf 83' lang='lat' dir='ltr'><strong>amplissimum</strong></span> <span class='ocrx_word' id='word_1_254' title='bbox 611 2809 705 2866; x_wconf 81' lang='lat' dir='ltr'><strong>fuisse</strong></span> <span class='ocrx_word' id='word_1_255' title='bbox 730 2809 901 2868; x_wconf 85' lang='lat' dir='ltr'><strong>observarit</strong></span> <span class='ocrx_word' id='word_1_256' title='bbox 921 2807 1120 2882; x_wconf 81' lang='lat' dir='ltr'><strong>Du·Cangius</strong></span> <span class='ocrx_word' id='word_1_257' title='bbox 1139 2803 1228 2862; x_wconf 66' lang='lat' dir='ltr'><strong>Dese.</strong></span> 
     </span>
    </p>
   </div>
   <div class='ocr_carea' id='block_1_3' title="bbox 128 2887 1327 2970">
    <p class='ocr_par' dir='ltr' id='par_1_5' title="bbox 128 2887 1327 2970">
     <span class='ocr_line' id='line_1_30' title="bbox 128 2887 1327 2970; baseline -0.004 -21"><span class='ocrx_word' id='word_1_258' title='bbox 128 2889 268 2970; x_wconf 72' lang='lat' dir='ltr'><strong>demser.</strong></span> <span class='ocrx_word' id='word_1_259' title='bbox 283 2891 353 2948; x_wconf 72' lang='lat' dir='ltr'><strong>aevi</strong></span> <span class='ocrx_word' id='word_1_260' title='bbox 367 2889 465 2946; x_wconf 86' lang='lat' dir='ltr'><strong>Num.</strong></span> <span class='ocrx_word' id='word_1_261' title='bbox 476 2910 514 2967; x_wconf 83' lang='lat' dir='ltr'><strong>p.</strong></span> <span class='ocrx_word' id='word_1_262' title='bbox 530 2891 583 2954; x_wconf 80' lang='lat'><strong>35.</strong></span> <span class='ocrx_word' id='word_1_263' title='bbox 626 2889 681 2948; x_wconf 85' lang='lat' dir='ltr'><strong>sed</strong></span> <span class='ocrx_word' id='word_1_264' title='bbox 695 2893 830 2950; x_wconf 80' lang='lat' dir='ltr'><strong>camille</strong></span> <span class='ocrx_word' id='word_1_265' title='bbox 844 2891 1055 2970; x_wconf 81' lang='lat' dir='ltr'><strong>appellationis</strong></span> <span class='ocrx_word' id='word_1_266' title='bbox 1066 2887 1157 2947; x_wconf 86' lang='lat' dir='ltr'><strong>huius</strong></span> <span class='ocrx_word' id='word_1_267' title='bbox 1174 2907 1231 2944; x_wconf 87' lang='lat' dir='ltr'><strong>an·</strong></span> <span class='ocrx_word' id='word_1_268' title='bbox 1316 2953 1327 2970; x_wconf 40' lang='lat'><em>⁶</em></span> 
     </span>
    </p>
   </div>
   <div class='ocr_carea' id='block_1_4' title="bbox 126 2971 1235 4422">
    <p class='ocr_par' dir='ltr' id='par_1_6' title="bbox 127 2971 1235 4248">
     <span class='ocr_line' id='line_1_31' title="bbox 128 2971 1231 3057; baseline -0.004 -23"><span class='ocrx_word' id='word_1_269' title='bbox 128 2979 298 3057; x_wconf 85' lang='lat' dir='ltr'><strong>tiquitatem</strong></span> <span class='ocrx_word' id='word_1_270' title='bbox 315 2971 454 3034; x_wconf 82' lang='lat' dir='ltr'><strong>rideatur</strong></span> <span class='ocrx_word' id='word_1_271' title='bbox 473 2985 607 3053; x_wconf 85' lang='lat' dir='ltr'><strong>repetere</strong></span> <span class='ocrx_word' id='word_1_272' title='bbox 625 2995 666 3034; x_wconf 83' lang='lat' dir='ltr'><strong>ex</strong></span> <span class='ocrx_word' id='word_1_273' title='bbox 681 2995 808 3034; x_wconf 88' lang='lat' dir='ltr'><strong>nummo</strong></span> <span class='ocrx_word' id='word_1_274' title='bbox 825 2978 871 3035; x_wconf 84' lang='lat' dir='ltr'><strong>Fl.</strong></span> <span class='ocrx_word' id='word_1_275' title='bbox 886 2972 1064 3052; x_wconf 71' lang='lat' dir='ltr'><strong>Maephen,</strong></span> <span class='ocrx_word' id='word_1_276' title='bbox 1086 2976 1139 3053; x_wconf 88' lang='lat' dir='ltr'><strong>qui</strong></span> <span class='ocrx_word' id='word_1_277' title='bbox 1152 2975 1231 3031; x_wconf 89' lang='lat' dir='ltr'><strong>circa</strong></span> 
     </span>
     <span class='ocr_line' id='line_1_32' title="bbox 128 3057 1230 3140; baseline -0.007 -18"><span class='ocrx_word' id='word_1_278' title='bbox 128 3082 156 3122; x_wconf 85' lang='lat' dir='ltr'><strong>a.</strong></span> <span class='ocrx_word' id='word_1_279' title='bbox 169 3059 281 3120; x_wconf 74' lang='lat' dir='ltr'><strong>Christi</strong></span> <span class='ocrx_word' id='word_1_280' title='bbox 296 3063 359 3124; x_wconf 87' lang='grc'><strong>800</strong></span> <span class='ocrx_word' id='word_1_281' title='bbox 374 3063 527 3140; x_wconf 76' lang='lat' dir='ltr'><strong>regnarit,</strong></span> <span class='ocrx_word' id='word_1_282' title='bbox 548 3057 690 3120; x_wconf 74' lang='lat' dir='ltr'><strong>videlicet</strong></span> <span class='ocrx_word' id='word_1_283' title='bbox 704 3063 790 3118; x_wconf 86' lang='lat' dir='ltr'><strong>annis</strong></span> <span class='ocrx_word' id='word_1_284' title='bbox 805 3064 870 3125; x_wconf 79' lang='lat'><strong>200</strong></span> <span class='ocrx_word' id='word_1_285' title='bbox 884 3062 953 3140; x_wconf 88' lang='lat' dir='ltr'><strong>pius</strong></span> <span class='ocrx_word' id='word_1_286' title='bbox 967 3061 1069 3117; x_wconf 86' lang='lat' dir='ltr'><strong>minus</strong></span> <span class='ocrx_word' id='word_1_287' title='bbox 1082 3067 1151 3137; x_wconf 89' lang='lat' dir='ltr'><strong>post</strong></span> <span class='ocrx_word' id='word_1_288' title='bbox 1165 3061 1230 3116; x_wconf 85' lang='lat' dir='ltr'><strong>He-</strong></span> 
     </span>
     <span class='ocr_line' id='line_1_33' title="bbox 128 3143 1229 3224; baseline -0.006 -18"><span class='ocrx_word' id='word_1_289' title='bbox 128 3147 268 3221; x_wconf 79' lang='lat' dir='ltr'><strong>raclium,</strong></span> <span class='ocrx_word' id='word_1_290' title='bbox 298 3143 598 3204; x_wconf 83' lang='lat' dir='ltr'><strong>animadvertendum</strong></span> <span class='ocrx_word' id='word_1_291' title='bbox 617 3147 675 3206; x_wconf 85' lang='lat' dir='ltr'><strong>fuit</strong></span> <span class='ocrx_word' id='word_1_292' title='bbox 693 3143 810 3204; x_wconf 88' lang='lat' dir='ltr'><strong>iamdiu</strong></span> <span class='ocrx_word' id='word_1_293' title='bbox 831 3144 913 3224; x_wconf 89' lang='lat' dir='ltr'><strong>apud</strong></span> <span class='ocrx_word' id='word_1_294' title='bbox 934 3145 1128 3222; x_wconf 73' lang='lat' dir='ltr'><strong>Byzantinos·</strong></span> <span class='ocrx_word' id='word_1_295' title='bbox 1140 3145 1229 3200; x_wconf 87' lang='lat' dir='ltr'><strong>inva-</strong></span> 
     </span>
     <span class='ocr_line' id='line_1_34' title="bbox 127 3225 1230 3310; baseline -0.006 -18"><span class='ocrx_word' id='word_1_296' title='bbox 127 3233 219 3292; x_wconf 88' lang='lat' dir='ltr'><strong>luisse</strong></span> <span class='ocrx_word' id='word_1_297' title='bbox 246 3242 280 3291; x_wconf 87' lang='lat' dir='ltr'><strong>ut</strong></span> <span class='ocrx_word' id='word_1_298' title='bbox 306 3233 502 3310; x_wconf 84' lang='lat' dir='ltr'><strong>imperatores</strong></span> <span class='ocrx_word' id='word_1_299' title='bbox 529 3231 667 3310; x_wconf 81' lang='lat' dir='ltr'><strong>despotce</strong></span> <span class='ocrx_word' id='word_1_300' title='bbox 690 3241 877 3292; x_wconf 82' lang='lat' dir='ltr'><strong>vocarentur.</strong></span> <span class='ocrx_word' id='word_1_301' title='bbox 920 3248 1020 3310; x_wconf 87' lang='lat' dir='ltr'><strong>neque</strong></span> <span class='ocrx_word' id='word_1_302' title='bbox 1043 3225 1121 3286; x_wconf 83' lang='lat' dir='ltr'><strong>iilud</strong></span> <span class='ocrx_word' id='word_1_303' title='bbox 1138 3229 1230 3305; x_wconf 80' lang='lat' dir='ltr'><strong>plane</strong></span> 
     </span>
     <span class='ocr_line' id='line_1_35' title="bbox 129 3311 1231 3399; baseline -0.005 -22"><span class='ocrx_word' id='word_1_304' title='bbox 129 3329 260 3394; x_wconf 84' lang='lat' dir='ltr'><strong>constat,</strong></span> <span class='ocrx_word' id='word_1_305' title='bbox 282 3315 365 3399; x_wconf 88' lang='lat' dir='ltr'><strong>quod</strong></span> <span class='ocrx_word' id='word_1_306' title='bbox 385 3315 468 3376; x_wconf 88' lang='lat' dir='ltr'><strong>idem</strong></span> <span class='ocrx_word' id='word_1_307' title='bbox 485 3318 684 3396; x_wconf 80' lang='lat' dir='ltr'><strong>Itu-cangius</strong></span> <span class='ocrx_word' id='word_1_308' title='bbox 705 3315 847 3389; x_wconf 85' lang='lat' dir='ltr'><strong>adnotat,</strong></span> <span class='ocrx_word' id='word_1_309' title='bbox 870 3313 1027 3393; x_wconf 89' lang='lat' dir='ltr'><strong>despotam</strong></span> <span class='ocrx_word' id='word_1_310' title='bbox 1038 3315 1165 3372; x_wconf 83' lang='lat' dir='ltr'><strong>minoris</strong></span> <span class='ocrx_word' id='word_1_311' title='bbox 1180 3311 1231 3372; x_wconf 90' lang='lat' dir='ltr'><strong>di·</strong></span> 
     </span>
     <span class='ocr_line' id='line_1_36' title="bbox 130 3397 1229 3483; baseline -0.001 -23"><span class='ocrx_word' id='word_1_312' title='bbox 130 3405 249 3480; x_wconf 76' lang='lat' dir='ltr'><strong>gnitatis</strong></span> <span class='ocrx_word' id='word_1_313' title='bbox 269 3403 393 3462; x_wconf 86' lang='lat' dir='ltr'><strong>titulum</strong></span> <span class='ocrx_word' id='word_1_314' title='bbox 415 3403 509 3461; x_wconf 77' lang='lat' dir='ltr'><strong>imese</strong></span> <span class='ocrx_word' id='word_1_315' title='bbox 530 3420 622 3483; x_wconf 87' lang='lat' dir='ltr'><strong>quam</strong></span> <span class='ocrx_word' id='word_1_316' title='bbox 643 3406 865 3482; x_wconf 76' lang='lat' dir='ltr'><strong>imperatorem.</strong></span> <span class='ocrx_word' id='word_1_317' title='bbox 910 3411 990 3460; x_wconf 81' lang='lat' dir='ltr'><strong>certe</strong></span> <span class='ocrx_word' id='word_1_318' title='bbox 1001 3397 1104 3458; x_wconf 84' lang='lat' dir='ltr'><strong>Pisida</strong></span> <span class='ocrx_word' id='word_1_319' title='bbox 1114 3400 1229 3477; x_wconf 76' lang='lat' dir='ltr'><strong>passim</strong></span> 
     </span>
     <span class='ocr_line' id='line_1_37' title="bbox 129 3485 1229 3569; baseline -0.003 -25"><span class='ocrx_word' id='word_1_320' title='bbox 129 3489 302 3548; x_wconf 83' lang='lat' dir='ltr'><strong>Heraclium</strong></span> <span class='ocrx_word' id='word_1_321' title='bbox 314 3487 469 3567; x_wconf 79' lang='lat' dir='ltr'><strong>despotom</strong></span> <span class='ocrx_word' id='word_1_322' title='bbox 479 3487 607 3562; x_wconf 84' lang='lat' dir='ltr'><strong>salutat,</strong></span> <span class='ocrx_word' id='word_1_323' title='bbox 630 3507 664 3546; x_wconf 85' lang='lat' dir='ltr'><strong>ao</strong></span> <span class='ocrx_word' id='word_1_324' title='bbox 678 3492 704 3548; x_wconf 87' lang='lat' dir='ltr'><strong>si</strong></span> <span class='ocrx_word' id='word_1_325' title='bbox 717 3486 791 3569; x_wconf 92' lang='lat' dir='ltr'><strong>quid</strong></span> <span class='ocrx_word' id='word_1_326' title='bbox 803 3485 910 3561; x_wconf 81' lang='lat' dir='ltr'><strong>rideo,</strong></span> <span class='ocrx_word' id='word_1_327' title='bbox 931 3505 994 3546; x_wconf 85' lang='lat' dir='ltr'><strong>uon</strong></span> <span class='ocrx_word' id='word_1_328' title='bbox 1007 3485 1066 3543; x_wconf 86' lang='lat' dir='ltr'><strong>alia</strong></span> <span class='ocrx_word' id='word_1_329' title='bbox 1077 3487 1157 3542; x_wconf 89' lang='lat' dir='ltr'><strong>inter</strong></span> <span class='ocrx_word' id='word_1_330' title='bbox 1167 3488 1229 3542; x_wconf 91' lang='lat' dir='ltr'><strong>im-</strong></span> 
     </span>
     <span class='ocr_line' id='line_1_38' title="bbox 129 3571 1232 3652; baseline -0.003 -21"><span class='ocrx_word' id='word_1_331' title='bbox 129 3576 273 3652; x_wconf 83' lang='lat' dir='ltr'><strong>peratoris</strong></span> <span class='ocrx_word' id='word_1_332' title='bbox 289 3583 319 3630; x_wconf 93' lang='lat' dir='ltr'><strong>et</strong></span> <span class='ocrx_word' id='word_1_333' title='bbox 332 3573 474 3652; x_wconf 84' lang='lat' dir='ltr'><strong>despotae</strong></span> <span class='ocrx_word' id='word_1_334' title='bbox 494 3575 729 3652; x_wconf 83' lang='lat' dir='ltr'><strong>appellationem</strong></span> <span class='ocrx_word' id='word_1_335' title='bbox 748 3571 918 3632; x_wconf 84' lang='lat' dir='ltr'><strong>differentia</strong></span> <span class='ocrx_word' id='word_1_336' title='bbox 933 3573 1116 3644; x_wconf 71' lang='lat' dir='ltr'><strong>intercessit,</strong></span> <span class='ocrx_word' id='word_1_337' title='bbox 1139 3588 1232 3648; x_wconf 86' lang='lat' dir='ltr'><strong>quam</strong></span> 
     </span>
     <span class='ocr_line' id='line_1_39' title="bbox 129 3655 1231 3738; baseline -0.003 -22"><span class='ocrx_word' id='word_1_338' title='bbox 129 3669 163 3718; x_wconf 89' lang='lat' dir='ltr'><strong>ut</strong></span> <span class='ocrx_word' id='word_1_339' title='bbox 175 3659 229 3716; x_wconf 87' lang='lat' dir='ltr'><strong>ille</strong></span> <span class='ocrx_word' id='word_1_340' title='bbox 243 3661 358 3736; x_wconf 83' lang='lat' dir='ltr'><strong>regiam</strong></span> <span class='ocrx_word' id='word_1_341' title='bbox 373 3657 568 3738; x_wconf 83' lang='lat' dir='ltr'><strong>dignitatem,</strong></span> <span class='ocrx_word' id='word_1_342' title='bbox 591 3660 684 3718; x_wconf 84' lang='lat' dir='ltr'><strong>altera</strong></span> <span class='ocrx_word' id='word_1_343' title='bbox 700 3669 880 3738; x_wconf 84' lang='lat' dir='ltr'><strong>potestatem</strong></span> <span class='ocrx_word' id='word_1_344' title='bbox 891 3659 923 3715; x_wconf 88' lang='lat' dir='ltr'><strong>in</strong></span> <span class='ocrx_word' id='word_1_345' title='bbox 938 3657 1087 3716; x_wconf 88' lang='lat' dir='ltr'><strong>subiectos</strong></span> <span class='ocrx_word' id='word_1_346' title='bbox 1102 3655 1231 3734; x_wconf 83' lang='lat' dir='ltr'><strong>populos</strong></span> 
     </span>
     <span class='ocr_line' id='line_1_40' title="bbox 127 3737 1231 3822; baseline -0.005 -20"><span class='ocrx_word' id='word_1_347' title='bbox 127 3742 283 3804; x_wconf 84' lang='lat' dir='ltr'><strong>indicaret.</strong></span> <span class='ocrx_word' id='word_1_348' title='bbox 327 3746 369 3802; x_wconf 86' lang='lat' dir='ltr'><strong>ita</strong></span> <span class='ocrx_word' id='word_1_349' title='bbox 389 3755 492 3803; x_wconf 87' lang='lat' dir='ltr'><strong>noster</strong></span> <span class='ocrx_word' id='word_1_350' title='bbox 510 3743 548 3801; x_wconf 80' lang='lat' dir='ltr'><strong>dc</strong></span> <span class='ocrx_word' id='word_1_351' title='bbox 561 3743 678 3822; x_wconf 84' lang='lat' dir='ltr'><strong>Exped.</strong></span> <span class='ocrx_word' id='word_1_352' title='bbox 695 3749 715 3806; x_wconf 85' lang='lat'><strong>2</strong></span> <span class='ocrx_word' id='word_1_353' title='bbox 737 3747 780 3808; x_wconf 87' lang='lat'><strong>99</strong></span> <span class='ocrx_word' id='word_1_354' title='bbox 801 3745 975 3802; x_wconf 84' lang='lat' dir='ltr'><strong>Heraclium</strong></span> <span class='ocrx_word' id='word_1_355' title='bbox 993 3740 1110 3802; x_wconf 88' lang='lat' dir='ltr'><strong>inducit</strong></span> <span class='ocrx_word' id='word_1_356' title='bbox 1130 3742 1172 3797; x_wconf 86' lang='lat' dir='ltr'><strong>ita</strong></span> <span class='ocrx_word' id='word_1_357' title='bbox 1192 3737 1231 3796; x_wconf 86' lang='lat' dir='ltr'><strong>de</strong></span> 
     </span>
     <span class='ocr_line' id='line_1_41' title="bbox 128 3821 1232 3910; baseline 0 -23"><span class='ocrx_word' id='word_1_358' title='bbox 128 3828 185 3889; x_wconf 87' lang='lat' dir='ltr'><strong>dec</strong></span> <span class='ocrx_word' id='word_1_359' title='bbox 208 3831 402 3910; x_wconf 85' lang='lat' dir='ltr'><strong>loquentem:</strong></span> <span class='ocrx_word' id='word_1_360' title='bbox 424 3821 515 3901; x_wconf 73' lang='lat' dir='ltr'><strong>odrae</strong></span> <span class='ocrx_word' id='word_1_361' title='bbox 535 3825 568 3891; x_wconf 78' lang='lat' dir='ltr'><strong>dd</strong></span> <span class='ocrx_word' id='word_1_362' title='bbox 588 3824 689 3902; x_wconf 74' lang='lat' dir='ltr'><strong>uorvdc</strong></span> <span class='ocrx_word' id='word_1_363' title='bbox 703 3824 843 3908; x_wconf 69' lang='grc' dir='ltr'><strong>βασιλεΰς</strong></span> <span class='ocrx_word' id='word_1_364' title='bbox 860 3828 913 3890; x_wconf 66' lang='grc' dir='ltr'><strong>καὶ</strong></span> <span class='ocrx_word' id='word_1_365' title='bbox 928 3822 1086 3905; x_wconf 79' lang='grc' dir='ltr'><strong><em>δεσπότης.</em></strong></span> <span class='ocrx_word' id='word_1_366' title='bbox 1129 3834 1232 3902; x_wconf 68' lang='lat' dir='ltr'><strong>aperie</strong></span> 
     </span>
     <span class='ocr_line' id='line_1_42' title="bbox 128 3909 1235 3992; baseline -0.005 -20"><span class='ocrx_word' id='word_1_367' title='bbox 128 3925 229 3974; x_wconf 88' lang='lat' dir='ltr'><strong>autem</strong></span> <span class='ocrx_word' id='word_1_368' title='bbox 242 3913 293 3972; x_wconf 90' lang='lat' dir='ltr'><strong>hic</strong></span> <span class='ocrx_word' id='word_1_369' title='bbox 306 3917 371 3974; x_wconf 81' lang='lat' dir='ltr'><strong>rim</strong></span> <span class='ocrx_word' id='word_1_370' title='bbox 382 3917 463 3974; x_wconf 70' lang='lat' dir='ltr'><strong>rocio</strong></span> <span class='ocrx_word' id='word_1_371' title='bbox 477 3911 624 3992; x_wconf 75' lang='grc' dir='ltr'><strong>δεσπότης</strong></span> <span class='ocrx_word' id='word_1_372' title='bbox 638 3913 779 3988; x_wconf 84' lang='lat' dir='ltr'><strong>declarat,</strong></span> <span class='ocrx_word' id='word_1_373' title='bbox 798 3933 868 3972; x_wconf 90' lang='lat' dir='ltr'><strong>cum</strong></span> <span class='ocrx_word' id='word_1_374' title='bbox 880 3913 1052 3992; x_wconf 70' lang='lat' dir='ltr'><strong>ippmmoic</strong></span> <span class='ocrx_word' id='word_1_375' title='bbox 1065 3909 1137 3968; x_wconf 85' lang='lat' dir='ltr'><strong>dicit</strong></span> <span class='ocrx_word' id='word_1_376' title='bbox 1150 3929 1235 3968; x_wconf 88' lang='lat' dir='ltr'><strong>nunc</strong></span> 
     </span>
     <span class='ocr_line' id='line_1_43' title="bbox 127 3995 1233 4077; baseline -0.005 -19"><span class='ocrx_word' id='word_1_377' title='bbox 127 4009 245 4058; x_wconf 82' lang='lat' dir='ltr'><strong>tantum</strong></span> <span class='ocrx_word' id='word_1_378' title='bbox 262 3999 353 4058; x_wconf 89' lang='lat' dir='ltr'><strong>licere</strong></span> <span class='ocrx_word' id='word_1_379' title='bbox 370 4001 463 4059; x_wconf 80' lang='lat' dir='ltr'><strong>servis</strong></span> <span class='ocrx_word' id='word_1_380' title='bbox 479 4000 580 4076; x_wconf 84' lang='lat' dir='ltr'><strong>legem</strong></span> <span class='ocrx_word' id='word_1_381' title='bbox 592 3999 671 4057; x_wconf 83' lang='lat' dir='ltr'><strong>ferre</strong></span> <span class='ocrx_word' id='word_1_382' title='bbox 684 4002 717 4056; x_wconf 90' lang='lat' dir='ltr'><strong>in</strong></span> <span class='ocrx_word' id='word_1_383' title='bbox 734 3997 891 4076; x_wconf 80' lang='lat' dir='ltr'><strong>despotas3</strong></span> <span class='ocrx_word' id='word_1_384' title='bbox 916 3997 1026 4077; x_wconf 88' lang='lat' dir='ltr'><strong>quibus</strong></span> <span class='ocrx_word' id='word_1_385' title='bbox 1041 3995 1141 4054; x_wconf 79' lang='lat' dir='ltr'><strong>verbio</strong></span> <span class='ocrx_word' id='word_1_386' title='bbox 1158 4015 1233 4074; x_wconf 90' lang='lat' dir='ltr'><strong>pro·</strong></span> 
     </span>
     <span class='ocr_line' id='line_1_44' title="bbox 128 4079 1231 4166; baseline -0.003 -24"><span class='ocrx_word' id='word_1_387' title='bbox 128 4088 224 4163; x_wconf 82' lang='lat' dir='ltr'><strong>priam</strong></span> <span class='ocrx_word' id='word_1_388' title='bbox 238 4086 415 4144; x_wconf 72' lang='lat' dir='ltr'><strong>relationem</strong></span> <span class='ocrx_word' id='word_1_389' title='bbox 428 4083 568 4160; x_wconf 87' lang='lat' dir='ltr'><strong>adnotat,</strong></span> <span class='ocrx_word' id='word_1_390' title='bbox 591 4103 684 4166; x_wconf 90' lang='lat' dir='ltr'><strong>quam</strong></span> <span class='ocrx_word' id='word_1_391' title='bbox 698 4081 791 4142; x_wconf 87' lang='lat' dir='ltr'><strong>habet</strong></span> <span class='ocrx_word' id='word_1_392' title='bbox 802 4086 958 4163; x_wconf 89' lang='lat' dir='ltr'><strong>princeps,</strong></span> <span class='ocrx_word' id='word_1_393' title='bbox 979 4093 1014 4140; x_wconf 91' lang='lat' dir='ltr'><strong>ut</strong></span> <span class='ocrx_word' id='word_1_394' title='bbox 1027 4079 1167 4140; x_wconf 89' lang='lat' dir='ltr'><strong>dominus</strong></span> <span class='ocrx_word' id='word_1_395' title='bbox 1180 4079 1231 4140; x_wconf 79' lang='lat' dir='ltr'><strong>vel</strong></span> 
     </span>
     <span class='ocr_line' id='line_1_45' title="bbox 128 4168 455 4248; baseline 0.003 -20"><span class='ocrx_word' id='word_1_396' title='bbox 128 4168 267 4248; x_wconf 85' lang='lat' dir='ltr'><strong>despota,</strong></span> <span class='ocrx_word' id='word_1_397' title='bbox 289 4169 329 4227; x_wconf 90' lang='lat' dir='ltr'><strong>ad</strong></span> <span class='ocrx_word' id='word_1_398' title='bbox 342 4189 455 4229; x_wconf 85' lang='lat' dir='ltr'><strong>servos.</strong></span> 
     </span>
    </p>

    <p class='ocr_par' dir='ltr' id='par_1_7' title="bbox 126 4251 1230 4422">
     <span class='ocr_line' id='line_1_46' title="bbox 214 4251 1228 4330; baseline -0.012 -13"><span class='ocrx_word' id='word_1_399' title='bbox 214 4258 285 4317; x_wconf 90' lang='lat'>101.</span> <span class='ocrx_word' id='word_1_400' title='bbox 327 4265 430 4314; x_wconf 87' lang='lat' dir='ltr'><strong>utrum</strong></span> <span class='ocrx_word' id='word_1_401' title='bbox 447 4257 603 4314; x_wconf 78' lang='lat' dir='ltr'><strong>Heraclius</strong></span> <span class='ocrx_word' id='word_1_402' title='bbox 618 4251 774 4314; x_wconf 88' lang='lat' dir='ltr'><strong>decretum</strong></span> <span class='ocrx_word' id='word_1_403' title='bbox 788 4251 1022 4328; x_wconf 83' lang='lat' dir='ltr'><strong>confirmaverit,</strong></span> <span class='ocrx_word' id='word_1_404' title='bbox 1043 4272 1106 4312; x_wconf 87' lang='lat' dir='ltr'><strong>uon</strong></span> <span class='ocrx_word' id='word_1_405' title='bbox 1121 4252 1228 4330; x_wconf 88' lang='lat' dir='ltr'><strong>liquet.</strong></span> 
     </span>
     <span class='ocr_line' id='line_1_47' title="bbox 126 4332 1230 4422; baseline -0.01 -18"><span class='ocrx_word' id='word_1_406' title='bbox 126 4335 216 4404; x_wconf 71' lang='lat' dir='ltr'><strong>cirros</strong></span> <span class='ocrx_word' id='word_1_407' title='bbox 239 4337 415 4400; x_wconf 84' lang='lat' dir='ltr'><strong>dicebantur</strong></span> <span class='ocrx_word' id='word_1_408' title='bbox 437 4345 607 4422; x_wconf 88' lang='lat' dir='ltr'><strong>principum</strong></span> <span class='ocrx_word' id='word_1_409' title='bbox 626 4341 853 4400; x_wconf 83' lang='lat' dir='ltr'><strong>constitutiones</strong></span> <span class='ocrx_word' id='word_1_410' title='bbox 873 4349 904 4398; x_wconf 87' lang='lat' dir='ltr'><strong>et</strong></span> <span class='ocrx_word' id='word_1_411' title='bbox 926 4337 1063 4398; x_wconf 68' lang='lat' dir='ltr'><strong>decretas</strong></span> <span class='ocrx_word' id='word_1_412' title='bbox 1098 4334 1154 4396; x_wconf 87' lang='lat' dir='ltr'><strong>sed</strong></span> <span class='ocrx_word' id='word_1_413' title='bbox 1178 4332 1230 4394; x_wconf 89' lang='lat' dir='ltr'><strong>hic</strong></span> 
     </span>
    </p>
   </div>
   <div class='ocr_carea' id='block_1_5' title="bbox 0 0 1514 4900">
    <p class='ocr_par' dir='ltr' id='par_1_8' title="bbox 0 0 1514 4900">
     <span class='ocr_line' id='line_1_48' title="bbox 0 0 1514 4900; baseline 0 0"><span class='ocrx_word' id='word_1_414' title='bbox 0 0 1514 4900; x_wconf 95' lang='lat' dir='ltr'><strong> </strong></span> 
     </span>
    </p>
   </div>
  </div>
 </body>
</html>
