3017 4900
313 364 385 436 108
583 408 589 418 -
743 359 972 431 DU'GiNGss

308 543 390 591 sunt.
435 528 590 590 descendit
601 547 711 610 nempe
723 529 762 588 ab
776 530 873 605 altari,
894 529 947 588 ubi
959 545 1042 588 sacra
1056 529 1184 610 peragit,
1202 526 1410 607 inpresbyte-
1489 529 1490 554 ³

308 620 397 691 rium,
419 630 453 676 ut
468 619 637 697 principum
655 627 685 674 et
699 614 834 674 fidelium
852 615 1016 675 oblationes
1033 617 1186 692 suscipiat,
1208 615 1258 672 vel
1273 625 1309 671 rit
1324 633 1408 671 ccm-
1489 685 1490 706 ,

308 706 440 760 mrinicct
451 723 502 762 eos
516 705 568 782 qui
584 712 655 760 sunt
666 705 699 760 iu
712 703 916 781 presbyterio,
938 719 1047 778 nempe
1062 698 1248 775 sacerdotes,
1270 699 1407 772 clericos,
1489 713 1490 778 ,

307 800 398 869 atque
413 787 488 847 adeo
501 789 647 867 populum
661 790 780 866 ipsum,
812 785 894 867 quod
909 785 1017 845 diserte
1031 787 1074 844 ibi
1089 785 1206 844 dicitur.
1248 803 1321 842 nam
1335 785 1409 842 iicet
1489 805 1490 860 ,

308 894 350 932 cx
364 875 490 933 concilio
503 875 652 934 Toletano
668 891 704 932 ιι
717 893 824 932 canon.
843 875 882 936 18
907 871 1043 930 mundos
1064 883 1093 928 et
1109 871 1201 928 levita
1221 881 1292 928 crite
1307 869 1409 926 onan
1489 885 1490 944 ζ

308 961 538 1030 communr'cmt,
559 961 593 1016 ιἰι
607 959 697 1016 clso'ro
709 959 820 1028 clerica,
841 968 924 1016 ιιιιιι
938 957 1061 1015 chorum
1069 955 1217 1035 populus,
1233 965 1347 1013 certum
1361 965 1409 1014 cst

303 1043 362 1102 hac
384 1049 417 1102 in
437 1064 471 1103 re
492 1048 591 1103 varios
612 1045 706 1103 fuisse
722 1046 916 1103 ecclesiarum
932 1046 1020 1102 ritus·
1046 1046 1157 1124 quippe
1177 1041 1251 1099 olim
1271 1041 1359 1098 iaicis
1378 1051 1409 1098 et

303 1131 427 1190 feminis
443 1128 483 1187 ad
497 1129 779 1188 communicandum
795 1140 919 1210 patuere
936 1138 1037 1187 macta
1053 1139 1238 1200 sauctorum,
1268 1136 1303 1184 ut
1316 1128 1408 1184 estin
1489 1151 1490 1156 ι

306 1217 618 1274 concilioTuronensi
631 1235 657 1274 ιι
670 1217 807 1294 etcapit.
824 1215 1068 1292 Camiiiiagni‘i
1087 1215 1161 1278 203
1184 1210 1238 1272 sed
1250 1221 1284 1269 ut
1298 1229 1408 1269 verum
1489 1263 1490 1272 ι

305 1302 413 1373 fatear,
434 1303 536 1359 nescio
549 1319 587 1358 an
603 1299 651 1360 his
666 1301 782 1375 iocis,
774 1320 805 1359 ιιι
821 1299 926 1360 ordine
939 1302 1096 1373 Romano,
1126 1293 1409 1356 senatornimidem
1489 1301 1490 1366 j

306 1389 347 1445 sit
363 1389 484 1444 omuino
506 1384 588 1486 quod
601 1385 832 1485 presbyterium.
877 1383 1035 1444 dubitandi
1049 1393 1299 1456 mesammones,
1322 1379 1407 1463 quod
1489 1409 1490 1418 ι

305 1473 339 1528 in
358 1490 395 1530 eo
415 1471 498 1528 locus
513 1474 691 1549 principum
711 1473 805 1530 fuisse
818 1469 941 1529 dicitur:
958 1471 1097 1550 pontifex
1110 1481 1211 1528 autem
1222 1477 1408 1526 sustentante
1489 1473 1490 1536 s

304 1556 378 1613 Ιιίιιο
397 1555 467 1614 inde
488 1556 593 1615 ἀιιιιιι
613 1558 761 1638 laevaque
785 1577 805 1614 a
814 1558 986 1636 primicerio
999 1557 1183 1615 notariorum
1196 1553 1347 1613 decincti
1364 1553 1410 1610 od
1489 1579 1490 1592 ι

305 1645 500 1713 amantium,
533 1643 616 1722 quod
636 1653 680 1700 est
697 1643 782 1700 locus
798 1645 988 1721 principum,
1020 1653 1055 1700 ut
1074 1643 1219 1720 suscipiet
1240 1639 1408 1722 oblationes

306 1747 418 1785 eorum.
464 1739 496 1785 et
509 1729 605 1786 infra:
621 1729 761 1807 pontifex
774 1728 925 1786 descendit
939 1728 983 1786 ud
996 1728 1191 1797 senatorium,
1208 1759 1248 1772 -
1267 1736 1296 1784 st
1308 1727 1407 1782 susci-

301 1814 353 1890 pit
371 1812 536 1871 oblatt'cnea
550 1815 728 1891 principum
746 1834 804 1891 per
822 1814 940 1872 ordines
962 1833 1100 1872 arcuum.
1145 1809 1297 1892 siquidem
1321 1812 1406 1868 enim
1489 1869 1490 1880 ἶ

305 1901 489 1955 senatoriam
502 1899 586 1957 locus
599 1899 657 1957 fuit
671 1903 704 1958 in
719 1918 778 1979 quo
794 1900 993 1958 consistebant
1004 1901 1154 1979 principes
1170 1918 1223 1957 seu
1237 1907 1405 1974 magnates,

304 1981 378 2040 dum
392 2002 494 2041 sacrae
506 1986 669 2041 intererant
681 1986 836 2062 liturgiae,
869 1983 951 2043 idem
965 1987 1016 2043 ilie
1029 1985 1207 2042 sortefuerit
1225 2003 1295 2041 cum
1309 1983 1403 2055 solea,
1489 2001 1490 2018 ³

303 2066 342 2126 de
358 2087 417 2148 qua
431 2087 574 2146 agemus,
604 2088 659 2127 seu
677 2073 851 2149 pavimento
874 2069 991 2129 editiori
1010 2081 1079 2128 ante
1101 2070 1248 2127 cancellos
1263 2067 1404 2142 bematis,
1489 2073 1490 2084 ¹

302 2155 345 2211 ita
359 2155 536 2233 appellatus,
558 2153 639 2234 quod
656 2157 699 2213 ibi
710 2165 859 2214 senatores
872 2175 925 2214 sen
934 2157 1090 2233 principes
1105 2158 1308 2214 consisterent.
1329 2173 1403 2211 nam

301 2239 493 2298 observatum
516 2260 607 2319 supra
627 2239 666 2298 ad
688 2259 787 2300 sacrm
806 2243 954 2300 cancellos
968 2245 1150 2320 assignatam
1163 2242 1255 2300 fuisse
1269 2241 1404 2318 impera·

299 2326 415 2382 toribus
434 2328 468 2382 in
487 2326 613 2384 ecclesie
632 2325 736 2384 sedern
751 2327 788 2384 ab
804 2328 973 2386 Ambrosio.
1017 2337 1165 2385 temtans
1178 2337 1278 2384 autern
1294 2324 1404 2403 appel-

298 2410 376 2469 latos
401 2422 557 2490 magnates
578 2409 659 2491 apud
677 2416 835 2491 scriptores
857 2411 1041 2472 Christianos
1059 2424 1194 2487 veteres,
1223 2421 1330 2469 notum
1344 2421 1403 2471 est.

298 2494 425 2575 proinde
449 2500 482 2555 in
501 2500 649 2557 senatorio
671 2500 811 2578 pontifex
832 2518 894 2557 non
919 2496 1009 2558 modo
1033 2500 1213 2578 suscipiebat
1232 2497 1403 2556 oblationes

297 2585 484 2661 principum,
518 2582 572 2642 sed
593 2595 623 2642 et
641 2586 788 2664 populum
804 2583 918 2643 ibidem
939 2586 1187 2643 communicabat.
1229 2581 1313 2642 idern
1326 2581 1403 2642 orde

297 2669 469 2726 Romanus:
489 2686 558 2726 mox
570 2679 605 2725 ut
616 2671 755 2749 pontifex
768 2673 894 2748 coeperit
906 2672 1125 2729 commum'care
1135 2669 1285 2748 populum
1299 2671 1336 2726 ιἰι
1353 2690 1403 2727 se-
1489 2730 1490 2733 Ἴ

299 2755 415 2809 notorii>
431 2765 486 2811 eto.
530 2773 589 2835 quo
604 2766 682 2813 certe
694 2756 771 2828 loco,
790 2775 899 2834 nempe
913 2766 982 2813 ante
996 2756 1097 2814 altaris
1110 2756 1266 2827 cancellos,
1289 2756 1402 2812 ctiam-

192 2842 214 2895 Ρ
230 2840 281 2897 561
299 2858 375 2895 num
388 2841 421 2897 in
435 2837 561 2897 aedibus
575 2843 667 2898 sacris
680 2838 784 2900 fideles
799 2860 914 2901 suoram
933 2838 1143 2900 eucharistiam
1158 2843 1317 2919 accipiunt.
1344 2838 1401 2899 de-

297 2926 391 3003 nique
402 2924 622 3003 presbyterium
637 2927 710 2983 alibi
724 2939 849 3007 usurpat
863 2946 916 3006 pro
931 2927 998 2986 loco
1018 2929 1050 2985 in
1066 2946 1126 3007 quo
1141 2927 1309 3005 presbyteri
1324 2946 1400 2986 con·

297 3012 422 3083 sistunt3
439 3008 606 3090 presbyteri
618 3014 651 3068 in
658 3012 840 3091 presbyterio
855 3033 955 3071 omnes
962 3022 1142 3091 permanent
1154 3012 1304 3070 inclinati.
1351 3014 1400 3071 vi-

297 3094 368 3155 deat
379 3098 473 3174 igitru
485 3098 579 3155 lector
592 3106 692 3155 utram
706 3095 817 3157 barum
830 3101 1067 3158 coniecturarum
1082 3098 1196 3177 probet.
1241 3098 1328 3178 βῆμα
1342 3116 1400 3155 au·

296 3192 361 3241 tem
381 3180 460 3241 banc
481 3182 564 3241 aedis
584 3202 686 3241 sacrae
705 3196 822 3263 partem
837 3186 1025 3264 appellarunt
1038 3186 1155 3243 veteres
1168 3183 1285 3263 abipso
1300 3183 1398 3259 altari,

297 3287 348 3324 oua
337 3265 391 3325 id
405 3270 536 3327 nominis
546 3266 729 3343 indiderunt,
745 3269 836 3350 quod,
850 3281 884 3329 ut
897 3273 939 3329 ait
952 3272 1119 3329 Germanus
1132 3267 1301 3371 patriarcba
1315 3270 1399 3348 cpo-

295 3352 424 3425 titanus,
447 3348 562 3457 θρόνος
577 3356 634 3429 sit,
664 3354 697 3416 ἐν
713 3314 795 3439 {irrep
809 3353 827 3417 d
839 3350 1045 3437 παμβασιλεῦς
1061 3352 1190 3433 Χριστος
1201 3349 1399 3436 προκάθηται

295 3432 444 3516 μετὰτῶν
461 3433 556 3500 crinon
543 3398 755 3501 deicidium
777 3451 892 3499 namet
906 3442 989 3521 βῆμα
1002 3461 1056 3520 pro
1068 3441 1213 3500 tribunali
1225 3460 1285 3499 non
1300 3442 1399 3499 semel

294 3524 433 3600 usurpari
448 3523 643 3581 observarunt
659 3527 717 3582 viri
732 3524 821 3583 docti.
866 3528 947 3584 aliia
965 3524 1123 3605 gradibus,
1145 3526 1254 3606 quibus
1266 3523 1306 3583 ad
1317 3524 1398 3585 illud

294 3606 480 3683 ascenditur,
509 3609 563 3665 alii
577 3606 707 3688 denique
723 3611 761 3668 ab
775 3613 876 3671 altaris
891 3610 1049 3691 gradibus,
1080 3610 1162 3691 quod
1175 3610 1283 3669 editius
1299 3613 1397 3671 fuisse

292 3694 373 3751 infra
386 3692 593 3768 ostendemus,
615 3692 728 3753 dictum
742 3708 873 3757 censent.
915 3717 988 3755 nam
1007 3708 1037 3757 et
1058 3696 1157 3768 benaa,
1178 3708 1211 3755 ut
1229 3706 1334 3755 auctor
1351 3708 1397 3757 est

291 3782 479 3857 Augustinus
502 3791 604 3837 contra
625 3783 712 3859 epist.
732 3783 861 3842 Monens
882 3804 908 3843 c
930 3788 951 3849 8
972 3794 1002 3841 et
1024 3793 1125 3842 contra
1144 3784 1288 3841 Faustsun
1304 3782 1345 3845 18
1365 3784 1396 3857 4

291 3864 462 3923 Manichaei
483 3862 566 3923 diem
584 3866 695 3924 festum
715 3879 859 3927 vocarunt
882 3888 942 3950 quo
960 3872 1064 3927 Manes
1081 3870 1195 3927 occisus
1211 3878 1274 3941 est,
1312 3828 1398 3949 quod

292 3952 457 4030 quinque
440 3949 603 4010 omnbus·
594 3963 738 4012 instructo
751 3954 903 4030 tribunali,
926 3964 957 4013 et
969 3956 1106 4034 pretiosis
1123 3954 1225 4011 linteis
1238 3912 1396 4028 edomata,

289 4037 381 4092 iilum
394 4037 595 4111 celebrarent3
618 4037 698 4117 quod
718 4038 842 4119 quidem
861 4041 972 4100 festum
992 4038 1158 4099 aCatbaris
1179 4040 1227 4099 sni
1248 4042 1396 4118 temporis

291 4121 441 4179 Maiisola
455 4124 641 4200 appellatum
656 4124 751 4183 subse
770 4126 871 4185 scribit
883 4123 1036 4184 Ekbertus
1046 4122 1279 4184 Schonaviensis
1293 4126 1394 4184 Serm.
1489 4122 1490 4167 ἶ

293 4209 310 4268 1
334 4218 436 4265 contra
461 4205 615 4267 Catharos.
657 4228 727 4267 ctun
749 4212 842 4289 igitur
864 4214 1027 4314 praecipua
1052 4212 1244 4269 veneratione
1265 4208 1394 4269 colenda

290 4289 451 4351 haberetur
464 4312 547 4351 sacra
562 4291 637 4352 haec
653 4293 737 4354 aedis
749 4316 834 4375 pars,
861 4299 895 4355 in
909 4316 944 4355 ea
957 4293 1131 4355 exornanda
1146 4296 1315 4376 sumptibus
1329 4313 1393 4354 non

290 4381 424 4458 pepercit
440 4382 639 4441 lastinianus:
667 4390 764 4442 totam
778 4384 860 4442 enirn
875 4380 1150 4463 argeutcobduxit.
1193 4384 1393 4463 Anonymus:
