3017 4900
269 332 341 403 156
526 328 737 413 obtectus
763 326 808 395 IN
833 324 1107 393 auunculum

267 499 431 577 imaginem
453 497 501 555 cui
515 497 558 554 rei
570 504 671 575 aperte
683 492 733 553 bie
748 492 855 551 alludit
867 500 966 572 poeta,
1005 493 1038 550 ui
1049 490 1136 550 testis
1147 490 1241 547 etiam
1253 489 1370 548 citatur
1492 511 1493 514 ¹

267 606 285 643 a
301 580 488 662 Theophane
496 602 532 661 p.
549 582 628 645 250:
649 572 724 660 ᾗκεν
734 575 906 661 Ἡράκλειος
916 573 978 643 duo*
999 578 1142 657 Αφριιιῆς
1154 572 1258 652 φέρον
1268 579 1369 637 πλοῖα

266 663 490 748 κασιιλλιὸμενα
512 666 616 747 ἔχοντα
638 664 672 729 ἓν
690 670 753 739 τοῖς
772 664 942 743 subpriore
962 656 1090 744 κιβοὶιια
1103 658 1156 722 καὶ
1170 653 1294 731 εἰκόνας
1308 662 1372 739 κῆς

265 748 471 834 erupissent,
492 747 568 814 sord
580 747 632 813 sol
645 748 664 813 d
677 749 818 823 Πισίὸιοξ
832 742 983 830 Γεοὶργιος
994 746 1080 826 λέγει.
1122 742 1195 803 binc
1208 746 1368 822 corrigen-

268 838 324 897 dus
350 837 520 913 cedrenus,
542 838 595 917 qui
616 854 685 893 cum
704 854 783 915 pene
797 833 837 893 ad
849 835 974 893 verbum
986 828 1207 911 Theophanem
1217 832 1368 888 mmeri-

266 926 335 999 bat,
357 922 408 981 hio
431 922 468 981 ab
490 943 526 981 eo
543 918 700 981 discedens
712 923 755 979 ait
768 920 941 979 Heraclium
956 920 1074 998 cpolim
1089 916 1239 996 appulisse
1251 914 1369 989 tnes-

266 1004 395 1091 ρόμενον
415 1004 472 1087 τήν
493 1002 721 1088 α’χειροιιοίητον
734 1002 839 1067 εἰκόνα
853 1009 910 1068 τοῦ
923 1007 1031 1087 κυρίου
1045 1001 1098 1066 καὶ
1110 1003 1191 1065 θεοῦ
1203 997 1294 1080 ἡμῶν
1305 993 1368 1081 ’1η-

266 1098 325 1157 σοῦ
339 1096 480 1175 Χριστοῦ.
523 1089 592 1151 vide
607 1091 643 1150 de
655 1090 773 1170 Exped.
790 1092 809 1153 1
834 1088 905 1154 140.

350 1194 402 1255 17.
443 1196 586 1268 Perseus,
614 1202 648 1250 ut
673 1202 718 1251 est
737 1192 771 1248 in
790 1190 916 1263 fabulis,
944 1185 1103 1247 Medusam
1119 1189 1289 1269 Gorgonem
1310 1190 1365 1247 in-

264 1280 399 1353 teremit,
419 1279 543 1359 eiusque
557 1288 645 1357 caput
658 1278 823 1335 abscissum
836 1277 869 1332 in
881 1271 997 1354 Aegide
1011 1274 1184 1350 collocarit,
1206 1277 1288 1333 euius
1302 1294 1365 1353 ope

264 1373 368 1442 postea
386 1360 612 1422 Andromedam
629 1380 703 1421 saxo
725 1379 889 1439 appensam
904 1370 937 1428 et,
947 1371 1012 1418 eeto
1027 1362 1142 1418 marino
1155 1370 1287 1418 monstro
1300 1380 1365 1417 ex-

264 1451 395 1527 positam
409 1448 557 1507 liberavit.
600 1446 654 1507 sed
670 1447 828 1506 Heraclius
841 1447 976 1526 aliquam
988 1446 1112 1523 virginis
1123 1446 1237 1503 Mariae
1248 1446 1363 1523 imagi-

263 1552 335 1590 nem
351 1535 503 1592 miraculis
516 1534 644 1611 olaram,
666 1542 700 1590 ut
711 1528 847 1605 videtur,
870 1529 990 1605 babuit,
1014 1547 1073 1611 qua
1083 1539 1118 1587 ut
1130 1531 1270 1609 Gorgone
1282 1532 1362 1589 Per-

263 1636 348 1695 seus,
370 1620 403 1677 in
417 1620 623 1698 praesentibus
638 1618 779 1698 periculis
791 1616 941 1675 utebatur.
983 1612 1053 1673 vide
1068 1614 1153 1693 infra
1165 1636 1197 1675 v·
1211 1616 1264 1678 91.

253 1740 255 1746 ⁴
345 1724 398 1783 20.
441 1724 605 1781 Hesionem
631 1720 725 1777 filiam
749 1736 767 1773 a
790 1728 873 1796 patre
896 1713 1116 1789 Laomedonte,
1147 1717 1200 1797 qui
1219 1727 1282 1775 erat
1301 1738 1362 1778 rex

262 1806 389 1880 Troiae,
412 1816 476 1865 ceto
494 1806 631 1865 similiter
650 1804 834 1883 expositam,
855 1813 890 1861 ut
908 1802 1040 1881 Neptuni
1058 1800 1227 1880 placaretur
1245 1805 1304 1877 ira,
1328 1816 1364 1862 et

261 1890 299 1945 ab
323 1891 451 1948 Hercule
473 1888 582 1948 deinde
602 1890 760 1947 liberatam
778 1889 887 1962 fuisse,
907 1896 1030 1946 narrant
1043 1884 1222 1965 mythologi.
1263 1886 1364 1947 iidem

261 1974 435 2035 fabulantur
467 1976 628 2037 Herculem
656 1970 847 2051 indignatum
868 1970 951 2053 quod
973 1974 1243 2052 praestantissimos
1263 1992 1364 2054 equos

261 2056 363 2116 divino
379 2060 494 2119 semine
508 2068 677 2138 procreatos
694 2059 731 2115 ob
746 2054 920 2116 huiuamodi
932 2056 1111 2115 beneficium
1125 2057 1183 2116 sibi
1195 2061 1363 2137 promissos

259 2162 322 2201 non
336 2141 482 2219 dedisset,
504 2162 607 2221 regem
621 2144 824 2201 obtruncasse.

345 2248 397 2347 2]-
439 2240 624 2330 γνωστικούς
637 2242 695 2326 ἔχει
708 2237 826 2321 τόνους,
845 2244 899 2325 qui
910 2244 1057 2305 moralem
1066 2262 1189 2303 sensam
1201 2244 1234 2303 in
1245 2246 1363 2308 fabulis

261 2341 389 2411 quaerrt.

345 2438 397 2500 80.
439 2436 540 2496 forsan
551 2436 660 2496 melius
674 2430 782 2499 dilue.

345 2539 397 2600 32.
441 2531 486 2600 δι’
501 2535 583 2617 ἡμᾶς
597 2539 710 2596 scilieet
727 2531 947 2615 σεσωσμένους,
968 2535 1055 2615 quasi
1072 2532 1186 2594 diceret
1204 2534 1242 2594 ob
1253 2555 1361 2596 ιονα-

260 2629 305 2676 tos
322 2622 410 2680 cives.
459 2622 557 2682 codex
570 2619 699 2681 habebat
712 2616 805 2701 τύχης
817 2641 887 2678 cum
902 2620 935 2682 οἰ
947 2621 1144 2699 superposito.

343 2704 396 2766 al.
439 2703 476 2768 rei
492 2711 549 2771 roei
568 2703 668 2787 δήμου
684 2701 788 2787 lipsius]
806 2725 876 2763 cum
892 2701 980 2780 dicit,
1003 2716 1103 2784 aperte
1120 2707 1300 2780 factionum,
1323 2708 1361 2764 iu

259 2805 334 2868 quas
349 2799 411 2848 tota
427 2793 583 2870 cpolitana
601 2794 704 2850 civitas
722 2801 786 2849 erat
801 2787 911 2865 divisa,
932 2792 1041 2848 miram
1056 2791 1248 2850 insolentiam
1260 2789 1360 2848 auda-

258 2875 336 2930 ciam
355 2886 385 2933 et
403 2881 603 2936 temeritatem
620 2875 768 2956 designet.
810 2885 951 2956 quattuor
960 2876 1055 2934 frtisse
1066 2874 1193 2934 inludis
1206 2878 1358 2935 Circemi·

258 2957 315 3020 bus
337 2960 498 3038 factiones,
524 2983 565 3022 ex
587 2973 726 3044 quattuor
743 2960 891 3020 coloribus
903 2963 1012 3041 quibus
1029 2959 1286 3040 distinguebantur
1299 2981 1358 3040 ap-

256 3045 393 3123 pellatas,
418 3049 583 3106 Praeioam
602 3049 744 3106 Venetam
758 3047 926 3104 Romamne
940 3045 1105 3116 Auaron,
1127 3058 1238 3104 norunt
1251 3066 1357 3106 omnes

258 3129 378 3190 eruditi.
421 3131 476 3192 sed
490 3136 631 3192 Prasinae
647 3143 677 3190 et
688 3134 820 3192 Venetae
834 3132 1023 3209 potissimum
1034 3133 1148 3189 mentio
1161 3131 1195 3188 fit
1208 3131 1288 3211 apud
1302 3131 1354 3190 bi-

257 3219 394 3277 storicos.
438 3237 514 3300 quae
537 3230 637 3278 eutem
657 3228 829 3298 quantaque
842 3217 932 3274 fuerit
947 3217 1058 3274 civium
1070 3217 1292 3295 cpolitanoram
1303 3220 1354 3274 in-

258 3303 343 3358 sanie
356 3305 388 3358 in
401 3307 463 3362 suis
474 3305 609 3383 partibus
623 3299 778 3376 fovendis,
800 3311 831 3360 et
844 3320 936 3382 quam
945 3304 1048 3380 gravia
1060 3321 1151 3381 saepe
1164 3300 1236 3360 inde
1250 3311 1353 3362 exorta

258 3381 382 3442 dissidia
402 3397 431 3444 et
448 3391 590 3446 intestina
610 3387 691 3446 bella
712 3405 783 3445 cum
798 3389 934 3445 maximo
947 3389 1030 3446 urbis
1042 3387 1235 3447 incommodo
1251 3399 1281 3446 et
1291 3391 1354 3446 im-

256 3477 429 3548 peratorum
442 3473 590 3550 periculo,
613 3470 701 3530 doeet
713 3473 892 3552 Procopius,
914 3475 968 3553 qui
981 3473 998 3534 1
1021 3475 1061 3537 29
1082 3472 1119 3530 da
1129 3473 1220 3531 Bello
1232 3475 1354 3532 Persico

256 3555 493 3613 funestissimam
512 3555 691 3616 seditionem
706 3575 746 3613 ex
761 3558 926 3616 factionum
939 3559 1127 3616 contentione
1140 3560 1280 3638 Byzantii
1294 3578 1354 3616 ex-

256 3649 352 3698 ortam
366 3637 520 3716 describit,
543 3652 573 3700 et
588 3643 673 3700 Hirr.
688 3641 809 3700 Areon.
827 3663 853 3700 c.
866 3647 887 3706 7
903 3641 1067 3701 earundem
1080 3643 1247 3703 faotionmn
1258 3646 1355 3702 boen-

256 3727 331 3784 tiam
345 3725 463 3784 abunde
475 3737 584 3786 narrat.
628 3747 733 3786 verum
749 3745 808 3808 qua
821 3729 995 3786 auctoritate
1008 3728 1102 3787 fretus
1115 3731 1245 3789 Rosinus
1256 3729 1353 3788 Ana·-

256 3813 364 3888 qnitat.
382 3813 473 3871 Rom.
491 3814 510 3876 5
531 3811 552 3877 5
574 3809 710 3871 adfirmet
721 3823 790 3891 post
804 3811 981 3872 seditionem
992 3815 1078 3871 illam
1090 3815 1297 3893 Byzantium,
1318 3816 1353 3872 in

256 3913 317 3974 qua
328 3915 418 3976 supra
429 3898 552 3978 triginta
563 3895 722 3957 hominum
735 3899 821 3955 milia
839 3895 985 3956 trucidata
1008 3909 1093 3974 sunt,
1114 3900 1280 3959 factionum
1293 3919 1352 3958 uo-

255 3981 339 4038 mina
354 3983 464 4042 abolita
478 3985 581 4060 fuisse,
592 3985 683 4064 plane
696 3985 810 4042 nescio.
831 3994 1040 4065 praeterquam
1056 3983 1139 4065 quod
1151 3988 1353 4044 enimProcc-

254 4067 323 4145 pius
341 4063 374 4124 id
394 4085 457 4126 non
470 4068 578 4146 tradit,
598 4080 682 4149 patet
697 4089 737 4128 ex
753 4069 892 4128 omnibus
906 4070 1099 4148 scriptoribus
1112 4073 1286 4150 Byzantinis
1301 4071 1353 4128 fa-

255 4153 389 4210 ctionum
401 4155 524 4211 nomina
542 4165 572 4212 et
584 4165 745 4233 potestates
759 4155 863 4212 multis
877 4165 946 4233 post
958 4157 1157 4214 lastinianum
1166 4157 1353 4235 temporibus

253 4236 442 4315 perdurasse.
472 4257 507 4296 ao
516 4241 622 4299 Veneti
635 4237 764 4320 quidem·
776 4249 806 4298 et
820 4242 938 4299 Prasini
953 4241 1009 4298 sub
1025 4243 1254 4320 imperatoribus
1261 4245 1352 4300 Mau-

254 4325 325 4384 rioio
340 4333 371 4384 et
383 4321 484 4386 Phora
498 4343 589 4406 saepe
605 4325 752 4410 tumultus
773 4326 941 4385 excitarunt
954 4335 984 4384 et
997 4323 1035 4384 de
1047 4345 1146 4386 rerum
1161 4347 1279 4388 summa
1294 4325 1352 4386 da-
