3017 4900
235 360 304 424 xxti
699 334 873 431 QUERCII

237 533 340 583 tomen
352 516 430 579 mihi
445 517 570 597 contigit
585 534 638 576 eos
651 502 803 589 inveniret
824 519 859 572 ut
870 508 992 571 omnino
1007 505 1172 567 stninrer
1185 500 1266 563 unde
1279 500 1341 564 hoc

239 628 360 686 Mortes
380 624 587 683 testimonium
607 616 757 679 hausisset
772 617 911 677 Alletius.
943 620 1050 691 ‘nuper
1064 616 1167 668 eutem
1184 617 1253 667 cttm
1265 608 1343 667 Flo-

240 728 369 786 rentiom
390 725 490 784 inusto
507 722 733 783 clementissimi
745 720 888 800 principis
902 712 1032 773 adventu
1047 706 1271 772 cohonestatum
1283 720 1344 769 te-

241 834 371 905 nissen,
393 824 529 886 codicem
546 822 747 885 bibliothecae
769 818 1136 880 Medico-Laurentisnse
1148 812 1345 873 Thesoorum

241 935 364 993 Nicetes
378 930 583 989 continentem
598 919 758 1005 diligenter
772 922 882 997 evolvi,
904 930 934 980 et
944 920 1056 979 librum
1070 918 1221 977 decimum
1234 922 1344 978 iterato

243 1036 321 1113 legi,
341 1038 398 1091 trec
418 1033 539 1111 uspinm
552 1041 657 1089 tomen
678 1027 838 1097 memorari
855 1023 990 1084 Pisidsm
1009 1020 1205 1105 deprehendi.
1249 1038 1345 1103 quere

244 1138 373 1216 susspicio
390 1131 467 1194 mihi
483 1144 547 1192 orte
562 1143 625 1209 est,
647 1134 680 1191 in
697 1150 733 1189 eo
748 1127 851 1189 codice
864 1126 967 1185 tonan
982 1125 1084 1207 ulique
1097 1137 1162 1185 esse
1177 1126 1287 1185 omisso
1303 1144 1345 1185 ex

244 1242 283 1299 iis'
296 1239 419 1319 quaein
430 1236 581 1295 Allotiono
594 1234 782 1315 legebantur.
823 1231 919 1288 iirtesr
932 1232 1030 1305 enim,
1052 1232 1141 1287 sicuti
1156 1232 1346 1288 mentionem

245 1340 367 1402 Pisidae
385 1340 512 1418 ingessit
530 1339 649 1414 Nicen,
671 1334 705 1395 id
724 1335 816 1415 plene
834 1334 933 1391 iecere
948 1330 1052 1391 debuit
1065 1352 1100 1391 eo
1116 1334 1149 1389 in
1161 1330 1238 1390 libro
1253 1346 1346 1412 quem

248 1439 377 1502 Allotirts
399 1439 553 1522 designat:
572 1442 617 1501 ibi
637 1440 720 1500 enim
730 1438 863 1496 multum
875 1436 1018 1515 opposite
1023 1438 1174 1495 veriorum
1189 1444 1343 1541 eremorum

249 1542 288 1604 de
302 1542 547 1625 Monophysismo
563 1536 728 1605 sententiae
745 1540 924 1599 reiernnttnre

334 1648 365 1712 9·
407 1642 574 1731 'Itysdpwo
599 1644 643 1719 εἰς
666 1640 721 1707 τὸν
756 1636 893 1725 μάρτυρα
923 1632 1139 1703 Ἀναυιᾶυιονε
1179 1640 1347 1697 encomium

127 1754 236 1832 pxiii
253 1750 394 1828 meipso
411 1748 587 1819 Anastasis,
608 1744 690 1829 quod
710 1744 785 1804 clim
801 1741 895 1803 fuisse
913 1762 962 1802 ms
981 1746 1014 1801 in
1029 1738 1210 1801 bibliothece
1221 1742 1349 1801 Antonii

251 1852 412 1930 Augustini
433 1860 561 1909 testator
581 1850 721 1910 Allotius.
764 1864 820 1905 nos
840 1844 891 1904 diu
906 1846 1076 1926 quaesitum
1090 1842 1237 1903 tandem
1229 1847 1350 1903 rnreni-

251 1965 320 2014 ttms
341 1955 376 2010 in
397 1966 495 2032 nuper
514 1949 636 2010 landate
655 1946 838 2010 bibliothece
856 1946 999 2007 Medicc-
1005 1946 1206 2007 Laurentisne
1227 1946 1314 2008 Plnt
1330 1952 1351 2013 9

252 2076 284 2113 n.
293 2052 349 2117 14:
372 2050 427 2113 sed
439 2056 560 2113 ιιοιιιιίιί
571 2070 682 2132 magno
695 2055 791 2133 pretio
802 2050 889 2111 nobis
900 2050 985 2110 licuit
997 2054 1062 2111 eius
1075 2048 1283 2133 apographum
1295 2048 1353 2110 ob-

255 2160 367 2233 tinete,
389 2166 419 2215 et
439 2153 521 2236 quod
536 2152 639 2215 durius
654 2165 718 2233 est,
740 2174 816 2236 opus
833 2159 925 2213 ctiam
936 2154 995 2213 tuit
1007 2152 1085 2213 illud
1096 2154 1279 2213 Florentiam
1290 2158 1352 2213 ite-

254 2279 323 2321 rum
343 2262 461 2319 mittere
481 2270 601 2319 etcum
622 2256 808 2339 autographo
824 2256 973 2333 conferre,
996 2268 1154 2337 propterea
1170 2250 1249 2338 quod
1263 2269 1353 2315 nme-

256 2364 379 2423 iruensis
391 2347 492 2421 inutili
507 2362 645 2441 sopiens
659 2359 785 2420 'ridiculo
801 2358 932 2443 quadem
946 2338 1101 2440 diligentie
1118 2352 1228 2419 codicis
1244 2356 1354 2419 churt-

225 2494 230 2506 ·
258 2475 353 2524 cteres
373 2483 473 2524 nexus
490 2465 718 2547 litterermnqde
733 2463 839 2524 ductus
856 2481 960 2524 omnes
975 2475 1097 2523 conatos
1108 2459 1295 2544 exprimere,
1318 2483 1354 2522 en

221 2565 229 2574 “
257 2579 297 2626 tie
309 2569 372 2648 legi
383 2578 508 2649 possent
523 2565 672 2626 effecerat.
715 2587 756 2625 ex
768 2586 826 2648 que
840 2585 872 2624 re
887 2569 998 2626 rnimm
1011 2577 1085 2648 quot
1099 2565 1177 2626 mihi
1188 2577 1259 2626 sunt
1272 2579 1355 2625 ortne

259 2670 432 2728 molestiae:
453 2689 526 2728 nem
541 2671 674 2751 quinque
688 2670 799 2747 integri
814 2671 884 2727 enni
896 2667 1036 2751 deinceps
1051 2667 1147 2750 elapsi
1158 2677 1245 2746 sunt,
1268 2681 1356 2728 ente-

260 2788 352 2852 quom
370 2769 430 2829 hoc
447 2769 559 2848 grande
579 2773 735 2851 negotium
753 2767 925 2832 sosolumm
944 2775 1119 2852 reciperem.
1162 2777 1292 2832 encomii
1306 2767 1356 2832 rel

261 2876 404 2933 orationis
424 2883 577 2934 auctorem
598 2895 663 2934 esse
682 2871 819 2933 Pisidsm
838 2875 968 2952 fuciunt,
997 2887 1032 2934 ut
1055 2874 1210 2935 credemus
1233 2883 1264 2934 et
1285 2885 1358 2934 trote

261 2979 405 3055 temporis
431 2986 460 3034 et
480 2992 581 3035 rernm
600 2978 729 3036 offinites
746 2988 777 3035 et
793 2979 854 3037 stili
873 2997 942 3036 uun
956 2980 1024 3037 stilo
1039 2983 1141 3038 notive
1155 2980 1357 3058 gennenitas3

261 3092 340 3157 quoe
357 3080 478 3154 omnin,
499 3089 534 3138 ut
547 3081 633 3139 nobis
647 3077 771 3162 quidem
783 3077 918 3158 ridetur,
941 3083 1012 3139 sctis
1031 3092 1131 3159 operte
1148 3077 1358 3140 demonstran-

262 3184 322 3238 tur.
352 3187 483 3238 cetemm
493 3201 590 3240 unum
604 3179 663 3242 hoc
679 3193 778 3242 exstet
790 3177 909 3243 Pisidae
925 3183 1102 3262 opusculum
1114 3183 1211 3242 solute
1224 3185 1360 3242 oratione

170 3273 176 3285 ’
265 3285 427 3360 scriptum:
450 3301 523 3340 nam
544 3283 604 3342 otia
624 3282 748 3365 quidem
765 3283 822 3344 hoc
843 3281 934 3344 modo
952 3299 1023 3342 euin
1036 3261 1190 3365 scripsisse
1204 3303 1260 3343 nec
1274 3284 1361 3343 offir-

263 3393 347 3440 tnore
366 3403 525 3461 possumus
547 3402 605 3444 n'ec
621 3405 742 3464 negare.
786 3386 840 3448 sed
852 3385 909 3447 hoc
924 3389 1025 3466 ipsum
1041 3407 1057 3446 e
1072 3387 1202 3446 tenebris
1215 3391 1249 3445 in
1258 3387 1362 3446 lucem

265 3490 346 3541 nunc
359 3483 478 3564 prodire
491 3487 593 3546 tomen
609 3486 782 3567 gaudebunt
794 3491 851 3549 riri
868 3487 993 3565 eruditi,
1016 3487 1097 3570 opud
1111 3510 1187 3571 quos
1201 3504 1317 3550 certrmr
1333 3499 1363 3550 et

264 3587 477 3647 inconcussum
489 3590 552 3647 iem
565 3594 620 3649 erit
631 3587 742 3651 Suidoe
759 3592 796 3652 de
813 3592 916 3655 Pisida
927 3587 1133 3653 testimonium
1148 3591 1275 3654 dicentis
1288 3595 1363 3653 scri-

264 3691 361 3771 psisse
380 3702 516 3751 nostrum
529 3705 648 3772 prester
662 3705 758 3754 cetera
771 3681 978 3780 nosuioyddrfv
993 3691 1139 3780 ἐγκώμιον
1155 3691 1200 3771 εἷς
1213 3693 1271 3762 ’τὸν
1283 3689 1365 3778 μάρ-

265 3802 341 3894 'scop
361 3787 590 3883 Ἀνιισιίιῖσιοιν,ι
606 3817 668 3856 non
687 3810 788 3857 eutem
807 3779 850 3872 εἷς
868 3793 922 3863 cdv
942 3795 1035 3880 μέγαν
1049 3793 1259 3878 ’Ariouistum⁶
1280 3797 1367 3880 quod

266 3897 329 3953 ism
348 3910 467 3976 praeter
484 3908 599 3958 ceteros
619 3913 707 3960 entes
727 3900 844 3961 viderat
860 3904 949 3964 Alex.
963 3895 1078 3961 Polites
1096 3903 1130 3960 io
1142 3899 1366 3982 Martyrolcgc'o

268 3987 359 4054 R‘im·
376 3999 486 4059 illustr.
498 4021 534 4078 P·
553 4003 630 4080 367,
653 4001 771 4064 dicens:
797 4005 909 4064 Susidas
921 4009 998 4062 inter
1011 4007 1124 4082 scrc'prrlu
1141 4005 1269 4084 Georgii
1280 3999 1366 4062 Pisi·

267 4099 325 4157 dae
335 4101 426 4180 refert
441 4098 590 4185 ἐγκώμιον
603 4105 647 4180 εἰς
661 4102 716 4170 edu
731 4101 866 4193 μάρτυρα
876 4099 1090 4186 Ἀνασιᾶστον,
1113 4115 1175 4188 quo
1189 4102 1227 4166 de
1239 4105 1365 4165 decubui

266 4218 327 4262 non
347 4217 410 4262 erat
430 4208 513 4285 quod
532 4210 693 4287 inquireret
712 4208 872 4284 Kusterus,
893 4209 976 4291 quod
992 4209 1102 4268 sciolus
1120 4211 1219 4268 nescio
1238 4209 1305 4290 qun
1318 4205 1367 4264 ibt

256 4307 379 4386 fecerat
391 4307 437 4386 εἰς
448 4304 502 4375 cdi
514 4307 608 4394 μέγαν
618 4305 820 4380 Ἀθανᾶσιον.
842 4316 961 4393 scripsit
973 4317 1063 4372 etim
1077 4313 1229 4392 Georgica
1241 4303 1350 4372 Pisida
1351 4351 1365 4380 ,
