3017 4900
442 365 488 431 IN
509 365 680 432 BELLUM
705 363 934 433 svsmctm
1162 367 1234 440 129
1354 425 1358 430 s

219 533 270 596 68.
314 527 421 590 alludit
442 528 482 587 ad
501 531 598 589 varias
617 525 803 589 diversarum
817 533 953 610 gentium
969 531 1002 591 in
1020 535 1174 612 Europam
1189 536 1235 591 ir-

134 618 303 695 ruptiones,
333 615 370 674 de
391 615 501 696 quibua
517 613 587 674 vide
603 633 693 694 supra
707 617 740 676 iu
756 615 890 688 Monito,
915 617 969 678 ubi
985 619 1176 678 observatum
1189 629 1236 678 eet

135 721 241 760 omnes
257 701 396 759 barbaros
410 701 534 780 originis
549 699 708 778 Soytlrioae
723 701 828 760 fuisse.
858 702 972 762 Abares
989 714 1090 762 autem
1103 702 1235 783 (lepidas

134 785 396 864 etLongobardoe,
411 787 465 867 qui
481 787 571 865 primi
584 789 693 844 istrum
706 787 885 845 traiecerant
899 797 928 845 et
944 790 977 846 in
993 791 1149 847 Pannonia
1161 809 1235 849 oon-

135 873 287 947 stiterunt,
309 873 343 930 in
358 871 465 949 fugam
479 871 603 929 vertisse
618 881 648 929 et
658 872 725 930 looa
738 872 775 930 ab
789 871 852 930 illis
866 883 1011 952 oocupata
1023 874 1081 934 sibi
1093 876 1236 934 retinuis-

135 975 178 1031 se,
199 958 284 1016 testis
298 968 344 1015 eat
357 952 697 1035 AlexanderdaLegat.
691 977 749 1034 .p
768 955 841 1020 114.

221 1043 273 1106 69.
315 1065 371 1105 τοο
358 1039 540 1122 γέροντος,
562 1039 702 1100 videlieet
718 1039 858 1119 Scythae.
904 1042 1038 1123 qnippe
1028 1063 1092 1101 tam
1103 1042 1141 1101 ab
1157 1063 1236 1102 anno

137 1125 202 1186 18
192 1128 313 1204 smper-ii
328 1125 461 1186 Valentis
476 1126 602 1186 llrmnos
623 1127 673 1184 rel
689 1124 819 1206 Scythas
835 1129 867 1184 in
879 1125 1044 1186 Thraciam
1056 1147 1152 1208 usque
1166 1148 1238 1208 per-

137 1211 250 1269 vasisse
266 1210 381 1270 dictum
394 1215 461 1271 est
452 1231 485 1269 ιιι
499 1213 632 1282 Monito,
655 1207 690 1274 a'o
702 1211 872 1270 luculenter
885 1209 1070 1273 demonstrat
1084 1213 1238 1272 Marcelli-

135 1313 194 1354 nus
205 1299 245 1358 81
264 1299 296 1360 2.
338 1297 418 1356 infra
434 1316 464 1356 r.
481 1299 523 1362 88
537 1318 591 1358 τοο
578 1295 743 1378 γέροντος
759 1295 894 1379 lyyooov.

221 1383 274 1444 78.
318 1399 423 1440 sensus
440 1383 547 1460 opinor
560 1379 611 1440 hio
624 1392 679 1441 est.
712 1400 782 1461 spes
795 1383 906 1442 nobis·
895 1391 993 1441 meret
1005 1383 1141 1441 Abarum
1154 1403 1239 1443 mor-

137 1475 217 1540 tem,
240 1467 292 1545 qui
305 1466 360 1524 sub
374 1467 539 1526 Iustiniano
553 1467 628 1546 imp.
646 1476 763 1525 nostras
775 1471 913 1547 regiones
926 1479 1159 1547 occupaverant,
1180 1489 1239 1527 no-

139 1552 208 1607 stris
221 1552 310 1610 malis
324 1550 416 1610 finem
428 1571 494 1610 esse
509 1551 687 1610 allaturam:
712 1549 837 1631 aedesio
849 1556 910 1633 γῆν
921 1551 1064 1631 similant
1078 1552 1110 1628 ἔξ
1123 1553 1241 1634 ἐκείνης

139 1634 270 1713 εἵλκετο,
300 1639 353 1716 qui
366 1646 484 1695 mortuo
501 1638 660 1712 successit,
688 1638 800 1694 mortui
813 1647 953 1695 naturam
970 1636 1080 1696 induit.
1122 1641 1238 1697 immite

139 1737 324 1801 saevumque
335 1733 494 1801 parentum
506 1723 663 1800 ingenim
674 1719 846 1780 traduotum
860 1725 928 1781 est
918 1741 952 1780 m
964 1720 1042 1782 filios
1044 1724 1118 1821 ,qui
1132 1743 1239 1804 aeque,

139 1821 175 1863 ao
189 1805 236 1862 illi
254 1806 376 1866 barbari
395 1817 425 1866 et
445 1805 580 1865 crudeles
596 1803 705 1866 detecti
724 1815 804 1866 sunt.
847 1808 926 1864 mali
936 1808 1016 1865 enim
1030 1810 1125 1880 oorrt',
1146 1817 1180 1870 ut
1195 1817 1241 1868 eat

138 1891 350 1969 inproverbio,
371 1891 489 1950 malum
503 1911 604 1950 ovum

140 2057 187 2117 lm
224 1977 276 2040 88.
316 1977 417 2038 simile
434 1973 513 2035 illud
526 1977 643 2035 Horatn
659 1975 758 2056 Epist.
779 1980 798 2040 1
823 1980 864 2043 10
882 1974 942 2044 24·
976 1987 1119 2036 murram
1140 1977 1241 2056 capel·

210 2072 266 2125 elo.

226 2149 279 2210 86.
323 2147 362 2205 oi.
375 2147 525 2206 Homerus
543 2145 636 2206 Iliad.
653 2151 674 2211 2
694 2143 769 2213 488·

227 2231 280 2293 87.
321 2231 456 2290 abarum
476 2250 571 2311 genus
597 2251 637 2290 ex
658 2229 796 2292 adductis
810 2231 924 2306 oensis,
954 2227 1037 2312 quod
1056 2249 1098 2290 ex
1117 2229 1245 2312 Scythia

144 2307 346 2392 prosiluerint,
369 2311 556 2397 ξενόσποοον
567 2314 653 2397 τέρας
664 2318 807 2397 appellat.
850 2275 977 2375 fortdsse
992 2313 1033 2374 ad
1046 2317 1160 2376 tonnae
1175 2317 1245 2376 foe·

145 2397 270 2459 ditatem
283 2399 400 2477 alludit,
423 2399 460 2461 de
473 2421 531 2485 qua
546 2405 776 2462 sioAmmianns
786 2401 979 2461 Masoellinus
988 2421 1024 2479 p.
1039 2401 1119 2467 615.
1141 2403 1246 2461 Hunni

143 2485 329 2562 spadonibus
342 2445 467 2560 similer,
489 2490 650 2567 compactis
663 2487 931 2567 ommafirmiaque
941 2485 1083 2546 membris
1098 2499 1127 2545 et
1138 2490 1246 2567 opimus

145 2568 322 2644 cervicibus,
337 2572 662 2653 prodigioaaasomms
678 2584 707 2630 et
714 2573 831 2651 pandi,
853 2582 888 2630 ut
902 2570 1021 2649 bipedes
1033 2574 1179 2632 mistrirus
1193 2573 1244 2631 ba·

145 2658 232 2728 atior,
252 2656 302 2716 vel
313 2658 417 2737 quales
428 2662 461 2717 in
477 2658 752 2739 commarginandis
763 2655 910 2737 pontibus
924 2656 1050 2737 ffgzati
1062 2658 1177 2737 stipites
1189 2658 1244 2717 do-

146 2740 250 2799 lantur
268 2744 424 2822 incompte.
471 2764 506 2803 ao
528 2742 566 2802 de
590 2764 693 2804 eorum
714 2746 830 2823 origine
853 2742 937 2802 idem
959 2753 1062 2802 auctor
1071 2764 1109 2821 p.
1123 2746 1185 2809 618
1201 2747 1245 2803 sio

147 2828 204 2885 ait:
226 2827 388 2906 nullusque
405 2828 493 2905 apud
509 2848 557 2886 eoo
575 2830 774 2907 interrogatur
787 2829 963 2907 reponam
974 2828 1055 2887 unde
1066 2832 1163 2887 oritur
1170 2842 1246 2907 pot-

148 2920 202 2985 est,
222 2911 300 2970 atior·
312 2924 482 2991 oonoepma,
503 2922 651 2993 natusque
659 2913 785 2992 procul,
806 2924 836 2969 et
846 2914 968 2992 longitw
982 2914 1135 2972 educam

231 3000 284 3061 88.
326 2994 436 3055 vider.
449 2997 502 3062 69.

232 3084 285 3145 89.
325 3081 520 3141 barbarorum
531 3079 758 3141 multitudinem
779 3080 973 3141 etferitatem
986 3091 1090 3159 notat,
1123 3078 1160 3141 de
1176 3085 1246 3163 qni-

148 3166 205 3225 bus
225 3165 401 3226 consulendi
421 3178 555 3226 auctores
575 3168 607 3225 in
627 3168 747 3227 Monito
763 3164 890 3225 laudati.
932 3165 988 3225 aad
1000 3178 1131 3247 praestat
1144 3168 1245 3245 legera

149 3254 345 3311 Ammianum
357 3254 582 3328 Marcellinum,
611 3254 665 3351 qui
686 3270 773 3311 suam
792 3253 996 3309 narrationem
1014 3254 1058 3310 sio
1073 3250 1245 3311 exorditur:

150 3338 336 3397 Hunnorum
350 3359 440 3419 gerra,
469 3340 667 3397 monumentis
678 3336 826 3397 veteribus
844 3336 950 3394 leviter
965 3348 1093 3397 nota...
1099 3356 1247 3396 .omnem

152 3422 271 3481 modum
274 3424 412 3503 feritates
426 3422 547 3481 excedit.

236 3509 286 3570 98.
329 3510 503 3568 Francisous
516 3508 600 3566 Foris
616 3504 813 3568 Otrokoosio.
830 3504 896 3585 41>
916 3504 1030 3574 124111
1047 3508 1110 3565 anis
1129 3508 1248 3568 Hunnis

153 3591 397 3653 commendandis
415 3612 535 3671 semper
555 3590 684 3671 diligens
704 3600 734 3651 et
757 3590 909 3651 studiosus
925 3589 1046 3651 Atlrilae
1066 3594 1246 3667 oonvivinm,

74 3702 76 3707 ’
153 3674 191 3734 de
208 3696 266 3756 quo
279 3679 396 3740 Priscus
411 3680 596 3757 inExoerpt.
611 3678 721 3756 Legat.
732 3698 769 3755 p.
785 3678 845 3751 67,
878 3696 948 3736 oum
968 3679 1091 3736 Assueri
1111 3678 1247 3736 convivio

151 3780 212 3821 nou
227 3760 343 3823 dubitat
355 3782 537 3844 comparare.
580 3762 691 3821 exinde
706 3772 808 3820 autem
822 3760 1005 3841 Scytharum
1018 3763 1249 3841 temperantiam

152 3847 322 3908 immodicis
350 3848 435 3909 effert
460 3846 611 3907 laudibus.
653 3866 760 3906 verum
785 3849 958 3910 meminisse
984 3864 1055 3905 eum
1084 3847 1249 3925 oportebat,

154 3928 215 3989 dici
236 3934 358 3993 solitum
382 3934 420 3993 de
446 3936 484 3995 iis
511 3936 563 4017 qui
590 3933 840 4013 intemperantias
864 3931 940 3992 rino
962 3930 1140 4011 indulgent,
1176 3950 1251 3997 auv-

154 4021 289 4079 θοπιεῖν

237 4102 291 4166 94
333 4106 462 4184 primam
475 4105 610 4164 Abarum
625 4102 763 4162 Homolio
787 4111 930 4181 regnante
951 4110 1053 4161 oontra
1069 4101 1215 4183 (ipolim
1206 4120 1249 4159 rr-

157 4186 326 4265 ruptionem
337 4208 457 4248 narrare
475 4188 656 4269 aggreditur.
698 4190 786 4269 plura
805 4186 843 4246 de
864 4185 922 4246 hac
934 4207 966 4246 re
979 4191 1012 4245 in
1026 4185 1173 4247 chronioo
1188 4188 1249 4244 Pa-

156 4268 842 4354 1811Ῑὶ11889,1ιιΤ1ιοοΡΙιιιιορ.952,ιιι
853 4271 1022 4353 Nioephoro
1041 4274 1143 4351 Comp.
1160 4271 1245 4327 Ilus.

152 4376 187 4434 p.
206 4358 237 4436 9,
261 4374 296 4417 ao
311 4368 379 4439 poet
395 4378 445 4420 eos
461 4359 637 4421 iucedreno
646 4380 682 4439 p
675 4358 771 4438 .,408
793 4360 1006 4419 etinBaronio
1020 4356 1061 4417 ad
1074 4357 1166 4437 finem
1178 4357 1249 4414 anni
