3017 4900
290 386 327 437 rr
759 357 930 431 tntum

293 580 450 643 eonvertit.
492 578 547 641 sed
567 578 619 640 hio
639 587 792 662 postremo
812 578 961 661 quantum
978 572 1145 657 sapientiae
1163 581 1236 635 tuae
1258 590 1343 635 oum
1363 592 1422 633 re-
1479 547 1480 556 ἵ

295 702 367 782 gina
387 709 483 759 matre
504 700 649 760 tribueret
669 696 816 773 ostendit,
844 714 915 757 oum
940 694 1030 755 ambo
1050 702 1082 754 te
1101 692 1218 755 ultimis
1241 714 1262 752 e
1282 692 1421 753 Gallias

294 819 403 879 finibus
434 817 626 895 exciverunt,
655 836 748 899 quem
775 814 979 878 formidolosis
1004 814 1192 896 temporibus
1211 810 1247 873 in
1267 809 1420 895 quadem

295 940 380 1003 velut
400 936 521 1019 imperii
540 934 664 1016 specula
685 935 883 1014 oollooarent,
910 931 1063 1018 siquidem
1089 941 1197 1015 paaato
1217 932 1298 991 meri
1322 940 1420 991 tren-

293 1058 449 1142 quilloque
471 1056 554 1116 eaelo
574 1054 664 1115 feesse
685 1056 782 1117 ouiris
808 1055 1001 1136 gubernatori
1023 1050 1174 1130 ereditur,
1204 1051 1256 1113 rel
1280 1046 1419 1110 medio-

295 1178 387 1237 oriter
412 1178 526 1256 perito,
553 1174 587 1233 in
612 1172 747 1254 periculo
775 1192 867 1235 nemo
891 1182 939 1234 est
963 1172 1017 1256 qui
1043 1192 1106 1233 uon
1128 1188 1217 1249 emn,
1240 1171 1270 1231 si
1288 1180 1415 1253 potest,

295 1292 457 1372 adscisset,
479 1309 584 1376 quem
591 1294 826 1359 eumaeum
845 1289 1172 1386 prudebdssimumque
1192 1291 1349 1371 aoguorit.

379 1416 417 1475 lu
447 1432 508 1497 quo
534 1432 631 1475 unum
657 1421 704 1473 est
729 1411 858 1471 minime
878 1408 1146 1514 praetereundum,
1175 1407 1259 1493 quod
1281 1406 1326 1468 ad
1347 1406 1414 1469 hoo

295 1508 453 1614 negodum
470 1498 633 1593 miltun
624 1542 769 1593 iuteresse
790 1532 901 1593 sentim
939 1548 1014 1591 narn
1032 1514 1170 1613 plerique
1187 1548 1241 1614 qm
1230 1497 1412 1610 pesdesse

296 1654 445 1733 sapientia
465 1671 521 1712 sua
541 1650 662 1733 publice
683 1650 821 1727 student,
843 1668 1001 1732 operosam
1020 1650 1109 1710 illam
1126 1647 1274 1709 duntaxat
1295 1668 1335 1709 ao
1357 1670 1412 1709 re·

296 1772 354 1830 bus
376 1755 516 1850 gerendis
537 1772 733 1831 exercitatam
755 1766 917 1846 adhibent,
949 1787 1018 1830 eam
1046 1783 1119 1830 rara
1150 1768 1291 1852 quaein
1316 1770 1411 1830 libris

297 1886 501 1974 doctrinisque
524 1892 672 1967 seminar,
691 1898 838 1973 tanquam
860 1887 1030 1976 civitatibus
1049 1888 1190 1949 inutilem
1207 1886 1326 1949 feriatis
1348 1887 1410 1951 lto-

296 2008 434 2067 miuibus
454 2008 639 2090 relinquunt.
681 2017 717 2067 tu
736 2026 809 2067 vero
828 2006 873 2066 sio
893 1981 1053 2090 atramque
1079 2004 1298 2068 admirabiliter
1317 2029 1409 2070 aom-

296 2124 408 2205 plexus
435 2144 484 2203 es,
514 2135 549 2185 ut
578 2144 648 2185 oum
674 2143 765 2184 nemo
790 2121 1015 2185 tractandarum
1038 2146 1140 2187 rerum
1159 2127 1274 2189 maiore
1293 2132 1409 2209 peritis

296 2243 352 2321 sit,
381 2255 448 2305 tum
473 2264 533 2307 usu
557 2246 713 2307 literarum
737 2262 774 2304 aa
793 2240 1006 2327 philosophiae
1025 2242 1125 2308 studio
1145 2243 1196 2309 bis
1215 2252 1409 2332 temporibus

297 2364 472 2425 antecellas.

293 2527 296 2532 -
381 2489 469 2546 liena
489 2487 573 2548 esaim
585 2486 709 2568 'primus
727 2483 951 2562 inusitatius,
965 2483 1072 2546 :utilia
1085 2482 1242 2568 qnondam
1255 2488 1290 2548 in
1306 2491 1407 2552 Grae-

299 2605 347 2666 oia
372 2605 525 2684 Souastos,
556 2607 753 2685 languentem
778 2605 813 2664 iu
828 2600 951 2664 -seholis
969 2604 1010 2664 ab
1029 2606 1128 2666 otiose
1149 2610 1408 2690 oontempletioue

292 2735 418 2784 morum
438 2723 479 2784 ed
498 2725 659 2784 utilitatem
680 2733 836 2804 'usumque
854 2723 1044 2784 transtulisti.
1086 2734 1153 2786 tuna·
1173 2747 1210 2786 ea
1228 2729 1409 2790 nranimen-

297 2845 337 2904 tia
363 2840 516 2904 mandasti
543 2839 848 2925 plurimis‚',quibus
874 2849 908 2901 et
934 2838 1056 2904 dioendi
1082 2845 1201 2907 uiribus
1218 2847 1280 2907 tuis
1301 2858 1335 2908 et
1355 2851 1408 2911 si-

296 2959 389 3025 rendi
410 2965 467 3024 tibi
487 2963 580 3024 mam
599 2963 638 3024 aa
657 2961 782 3044 reliquis
801 2961 946 3042 exempla
964 2963 1194 3045 praeemineres.
1226 2965 1348 3048 quibus
1370 2969 1407 3027 iu

297 3082 383 3144 libris
405 3085 448 3143 ita
469 3083 588 3144 virtutis
608 3091 680 3142 tuae
699 3081 868 3162 imaginem
887 3078 1081 3162 expma‘sti,
1109 3093 1145 3144 ut
1163 3103 1217 3145 eos
1235 3104 1307 3146 uns.
1318 3087 1408 3148 velut

297 3202 426 3282 pignora
452 3200 633 3285 obsidesque
659 3202 756 3262 Gallis
786 3197 940 3278 traderes3
966 3209 1001 3260 ut
1027 3221 1107 3285 quse
1127 3213 1182 3264 tue
1200 3203 1301 3265 tumre
1321 3217 1407 3268 etet

289 3320 345 3376 -sei
365 3320 507 3399 publioae
527 3319 678 3404 gerendae
698 3321 792 3398 ratio,
823 3329 970 3404 tanquam
996 3339 1039 3382 ex
1063 3324 1211 3403 praetoris
1229 3320 1329 3385 ettae
1349 3345 1406 3386 ao-

298 3447 495 3515 gnosoereut,
522 3458 623 3522 neque
649 3459 718 3500 eam
745 3457 882 3522 unquam
907 3439 1001 3502 liuere
1023 3438 1197 3522 medatem,
1223 3462 1316 3526 quam
1336 3455 1405 3506 tute

297 3556 355 3616 tibi
382 3558 593 3637 imposuisses,
625 3575 787 3641 personam
814 3555 986 3621 detrahere.
1033 3559 1118 3644 quod
1144 3559 1270 3645 quidem
1295 3564 1404 3644 peusis

298 3673 349 3737 his
369 3678 540 3755 mensibus,
562 3695 604 3739 ex
624 3697 684 3762 quo
704 3697 844 3761 praeesse
864 3678 895 3740 ei
914 3679 1036 3740 meineri
1053 3681 1195 3764 eoepisti,
1217 3685 1338 3765 egregie
1355 3694 1405 3745 est

300 3815 318 3854 e
340 3807 370 3856 te
390 3799 576 3878 perfeetum
597 3817 697 3880 neque
718 3799 881 3882 quisquam
901 3795 1044 3876 dubitetp
1056 3800 1225 3863 cuiusmodi
1244 3801 1321 3862 haee
1339 3804 1404 3863 ini-

299 3914 343 3972 tis
371 3927 461 3994 sunt,
494 3918 569 4000 quin
597 3917 767 3997 breriper
791 3927 824 3976 te
849 3913 941 3979 buius
960 3917 1081 4002 imperii
1100 3921 1184 3982 salus
1203 3923 1348 3991 eonstitui
1366 3943 1404 3984 aa

299 4033 404 4113 legum
426 4039 585 4099 auotoritas
605 4038 775 4120 reeupemri
794 4037 902 4117 possit.
1479 4120 1480 4131 ἵ

382 4154 447 4212 Hae
476 4164 511 4214 tu
537 4159 674 4236 gratim
700 4176 772 4219 ama
794 4157 888 4218 simul
906 4175 943 4218 ao
961 4159 1137 4240 potionatus
1156 4159 1216 4222 esis
1236 4169 1269 4221 et
1287 4159 1402 4222 maiora
1479 4136 1480 4139 Ἴ

298 4272 353 4334 illa
372 4273 460 4356 regui
477 4276 599 4356 negotia
620 4275 773 4359 sapienter
792 4277 971 4360 explioaris,
995 4289 1063 4341 tum
1081 4289 1114 4342 te
1132 4275 1174 4342 ad
1193 4277 1272 4342 baeo
1289 4290 1402 4358 nestra,
