3017 4900
275 376 348 454 134
711 372 930 459 'Qmuctus

272 551 335 608 lem
351 554 494 627 putarunt
512 552 646 618 vetares,
672 551 845 621 penetrasse
859 538 1032 598 Heraclium
1046 534 1212 615 significem
1244 532 1279 592 id
1293 532 1387 615 quod

274 635 404 713 apertius
419 630 562 710 exprimit
578 631 611 687 irs
623 626 804 686 Heroolicd.
823 628 840 687 1
864 624 937 688 156.

357 715 430 783 256.
472 725 569 773 mater
590 714 738 787 Heraclii,
765 721 842 769 teste
860 704 1048 789 Theophane
1057 728 1094 784 p.
1111 704 1191 780 250,
1212 704 1387 763 vocabatur

270 799 452 881 Epiphania.
497 819 532 859 ea
546 799 633 879 cpoli
654 796 798 879 degebat,
833 815 902 853 cum
921 794 1001 881 lilius
1017 791 1173 850 Heraclius
1189 792 1327 869 primum
1342 809 1387 847 ex

271 889 373 947 Africa
385 888 567 966 Byzantium
580 886 677 959 venit,
708 894 742 942 ut
757 880 893 940 Phocam
905 889 1068 958 tyranmm
1082 894 1177 955 regno
1190 874 1386 934 exturbaret.

270 970 373 1032 Phoca
386 991 458 1031 vero
470 981 599 1029 matrem
614 988 683 1027 cum
694 965 831 1027 Eudocia
843 984 940 1024 uxore
953 964 1085 1022 Heraclii
1098 964 1132 1019 in
1145 961 1296 1040 imperiali
1307 980 1385 1018 mo-

271 1059 401 1116 nasterio
415 1060 516 1115 Novae
531 1056 736 1115 Poenitentiae
759 1051 919 1131 diligenter
937 1045 1138 1108 adservandos
1151 1046 1284 1105 inclusit.
1329 1049 1384 1104 ni-

272 1141 437 1201 hilominus
453 1142 556 1199 multis
575 1138 674 1198 adhuc
692 1140 778 1198 annis
791 1134 996 1217 Epiphaniam
1009 1135 1124 1193 vixisse
1136 1151 1193 1192 nos
1205 1142 1309 1191 monet
1324 1134 1385 1189 Pi·

183 1242 197 1259 ·
273 1226 349 1287 sida.
393 1228 508 1286 similes
524 1246 626 1285 rerem
641 1227 741 1305 legere
754 1233 801 1283 est
813 1224 846 1280 in
858 1216 1027 1279 Heracliad.
1043 1226 1059 1285 1
1079 1217 1140 1283 165
1157 1227 1188 1278 et
1203 1215 1240 1275 de
1255 1215 1384 1297 Exped.

273 1318 293 1377 8
318 1315 433 1459 stig-58·
475 1394 577 1474 plures
598 1396 661 1453 iam
680 1394 760 1453 filios
781 1413 822 1452 ex
842 1389 979 1451 Eudocia
998 1390 1131 1469 primum
1150 1408 1186 1449 ac
1207 1386 1314 1447 deinde
1338 1408 1386 1447 ex

275 1482 403 1539 Mar-tina
423 1491 594 1559 susceperat
614 1480 788 1554 Heraclius,
831 1497 900 1536 cum
921 1480 955 1535 in
976 1478 1128 1536 Orientem
1152 1476 1301 1555 prefectus
1319 1484 1384 1549 est,

194 1598 198 1615 ·
275 1585 352 1647 quos
364 1576 467 1624 tamen
483 1567 570 1647 Cpoli
586 1568 764 1624 remansisse
777 1562 877 1644 prodit
893 1559 1061 1621 chronicon
1075 1558 1184 1618 Pasch.
1197 1582 1233 1639 p.
1248 1556 1320 1622 714.

361 1654 435 1715 266.
480 1650 517 1709 de
531 1650 614 1711 hisce
629 1650 737 1709 litteris
750 1651 835 1707 nulla
848 1650 962 1705 mentio
980 1644 1060 1725 apud
1079 1655 1194 1705 ceteros
1210 1644 1383 1703 historicos.

350 1739 435 1800 ¹273.
477 1739 556 1795 inter
582 1756 684 1795 muros
710 1735 793 1793 urbis
813 1734 872 1791 fuit
896 1735 949 1814 qui
969 1734 1073 1790 Murus
1093 1733 1197 1790 Novus
1219 1728 1383 1789 diceretur.

278 1818 409 1880 eundem
430 1840 496 1879 esse
518 1840 553 1879 ac
577 1819 835 1894 Theodosium,
866 1821 920 1899 qui
937 1814 1143 1877 aTheodosio
1165 1818 1278 1875 iuniore
1295 1833 1382 1873 anno

276 1904 339 1969 413
354 1914 521 1965 exstructus
535 1916 581 1964 est
596 1918 626 1965 et
638 1916 742 1986 postea
754 1906 868 1985 pluries
881 1907 1072 1977 instauratus,
1088 1899 1197 1961 suadet
1208 1899 1382 1961 Chronicon

275 1988 422 2051 Paschale
434 2012 470 2067 p.
486 1994 548 2055 717
564 2009 689 2050 narrans
711 1993 744 2047 in
767 1988 899 2047 adventu
913 1986 1049 2067 chagani
1068 1990 1185 2067 equites
1201 1985 1383 2067 peditesque

278 2075 369 2137 ludov
381 2074 524 2157 γενέσθαι
536 2080 596 2137 τοο·
605 2074 677 2138 νέου
693 2075 899 2138 Θεοδοοιακοῦ
911 2075 1026 2153 τείχους
1038 2076 1094 2136 τοῦ
1107 2067 1218 2153 ταύτης
1230 2077 1282 2153 τῆς
1293 2073 1383 2153 βασι·

275 2160 359 2231 iidoc
371 2152 496 2231 πόλεως.
538 2158 608 2217 vide
620 2161 707 2239 plura
723 2162 757 2216 in
774 2159 862 2237 (poli
876 2158 986 2219 Christ.
1000 2157 1054 2217 tib.
1074 2163 1090 2222 1
1099 2180 1136 2237 p·
1153 2157 1206 2221 40.
1249 2154 1303 2217 sed
1313 2158 1384 2215 for-

276 2262 331 2302 san
345 2241 420 2301 haec
434 2244 563 2323 intelligi
577 2256 703 2325 possunt
716 2242 754 2303 de
769 2264 856 2303 muro
871 2244 909 2303 ab
924 2245 1063 2303 Heraclio
1077 2242 1117 2301 ad
1130 2241 1313 2303 Blachemas
1327 2245 1384 2300 in·

277 2340 399 2404 structo,
416 2338 450 2389 ut
463 2340 564 2388 contra
577 2331 718 2389 barbaros
733 2340 812 2389 esset
823 2330 930 2409 templi
943 2332 1117 2387 munimen:
1138 2348 1212 2387 nam
1224 2331 1257 2387 in
1270 2326 1384 2388 eodem

276 2411 425 2475 Chrotrico
446 2414 605 2476 Paschali:
638 2418 683 2501 τῷ
702 2412 729 2478 at
751 2414 809 2480 ἔτει
830 2416 983 2498 βασιλείας
1004 2410 1179 2497 Ἡρακλείου
1201 2415 1327 2496 ἐκτίσθη
1347 2410 1385 2479 τὸ

277 2506 374 2580 τεῖχος
388 2501 503 2576 ἔξωθεν
515 2507 576 2564 sois
588 2504 768 2583 βλαχεροῶν.
811 2501 931 2564 πλέκειν
946 2502 1027 2580 τείχη
1043 2521 1114 2560 esse.
1122 2503 1230 2579 opinor
1243 2505 1285 2560 ita
1298 2520 1385 2559 πιοα·

275 2587 329 2644 nia
349 2589 467 2644 munira
485 2596 520 2645 ut
536 2583 693 2648 hostilium
711 2597 928 2646 tormentorum
944 2584 1213 2668 machinarumque
1234 2589 1312 2646 ictus
1331 2607 1383 2645 ne-

274 2669 361 2728 tundi
374 2673 500 2750 possint.

363 2760 436 2820 278.
479 2757 635 2814 Heraclius
657 2758 795 2838 quamvis
815 2776 834 2816 a
851 2766 947 2815 matre
967 2767 999 2816 et
1018 2758 1133 2816 civibus
1148 2756 1280 2815 multum
1294 2757 1383 2815 solli-

277 2840 336 2898 cite
350 2851 514 2916 revocatus,
539 2850 573 2898 ut
583 2843 666 2902 urbis
676 2843 810 2921 periculo
825 2853 1019 2918 succurreret,
1033 2843 1130 2903 noluit
1143 2840 1294 2902 ePerside
1306 2863 1384 2922 pro-

275 2924 387 3001 ficisci,
416 2945 455 2984 ne
470 2924 602 2986 chosroe
619 2933 698 2988 vires
713 2938 888 2988 resumeret.
930 2926 1014 2987 idem
1027 2927 1181 2988 confirmat
1192 2926 1296 2988 Pisida
1310 2929 1384 2986 He-

274 3011 405 3070 raetiad.
425 3013 440 3074 1
466 3011 538 3076 165.
592 3029 599 3042 ‘

361 3101 434 3163 280.
478 3116 519 3155 ex
532 3095 680 3158 Chronico
691 3096 830 3159 Paschali
842 3099 1012 3177 colligimus
1026 3097 1066 3158 ad
1077 3101 1160 3161 urbis
1172 3097 1381 3160 defensionem

277 3191 395 3260 reperta
411 3171 520 3256 fuisse,
544 3203 612 3243 oum
628 3182 789 3264 (theganus
803 3181 842 3242 de
854 3203 890 3242 ea
903 3183 1047 3244 vastanda
1061 3188 1222 3266 cogitaret,
1243 3189 1380 3268 equitum

276 3263 438 3326 duodecim
451 3269 558 3328 millia.

363 3356 437 3416 281.
480 3347 548 3414 κατ’
571 3347 676 3417 αὐταῖν
698 3367 772 3434 puto
796 3353 910 3415 diotrrm
927 3375 982 3434 pro
1002 3351 1072 3419 κατ’
1091 3349 1189 3420 adseri
1194 3400 1204 3431 ,
1231 3366 1264 3416 ut
1287 3373 1380 3436 saepe

275 3429 358 3514 ὖμᾶς
372 3454 427 3514 pro
440 3433 489 3511 ol,
513 3457 581 3495 cum
592 3438 694 3498 Pisida
706 3442 840 3522 loquitur
854 3440 891 3500 de
902 3443 1052 3501 Heraclio.

361 3519 435 3584 295.
479 3533 643 3581 consonant
662 3522 737 3582 haec
760 3545 830 3584 cum
849 3529 887 3586 iis
905 3547 983 3609 quae
1001 3529 1143 3607 legrmtur
1159 3529 1193 3586 in
1210 3528 1382 3586 narratione

276 3599 314 3660 de
329 3604 410 3662 bello
424 3605 551 3665 Abarico
567 3606 647 3666 edita
666 3629 683 3668 a
696 3611 886 3670 combefisio.

338 3683 342 3694 ’
361 3692 434 3754 298.
479 3689 575 3750 codex
587 3691 678 3753 habet
693 3690 861 3774 τοσούτων,
883 3695 939 3756 sed
954 3719 1046 3778 super
1064 3721 1088 3760 os
1103 3699 1277 3779 appositum
1289 3707 1333 3758 est
1350 3719 1381 3762 o.

359 3775 434 3842 801.
476 3777 619 3838 mandata
633 3791 696 3838 tam
709 3780 842 3841 studiose
857 3783 1068 3863 perficiebant,
1095 3795 1131 3842 ut
1147 3787 1303 3843 exsecutio
1319 3785 1381 3840 im·

274 3855 387 3938 peratis
402 3860 442 3921 ad
457 3867 604 3923 amussim
614 3865 819 3946 responderet.

362 3949 434 4010 808.
477 3947 510 4008 id
529 3954 677 4030 praestitit
695 3954 728 4010 in
749 3955 909 4033 poematiis
931 3954 969 4013 de
989 3954 1105 4032 mpod.
1129 3953 1273 4013 Heraclii
1295 3963 1324 4010 et
1347 3953 1383 4011 ias

275 4029 471 4091 Heruolrode.
580 4039 582 4044 '

361 4117 434 4178 313.
478 4115 625 4199 ἄρχοντας
643 4116 816 4203 ὑπηκόους,
843 4123 950 4203 Sergio
967 4123 1116 4183 subiectos
1133 4125 1257 4204 eiusque
1269 4141 1383 4203 paren·-

275 4212 321 4260 tes
335 4197 423 4276 dicto,
443 4206 576 4286 appellat
590 4209 735 4267 militares
749 4207 850 4282 duces,
861 4217 1018 4288 propterea
1032 4207 1114 4290 quod
1126 4211 1226 4288 ipsum
1240 4211 1383 4288 Sergium

274 4289 389 4429 primas
404 4289 483 4346 inter
497 4310 602 4350 omnes
615 4296 766 4370 tenuisse,
792 4305 938 4376 tanquam
953 4315 1059 4354 verum
1071 4295 1144 4354 belli
1157 4297 1383 4376 Mperatorem,

299 4383 472 4433 amonstret.
