3017 4900
250 335 324 410 158
693 328 900 400 nannunfl

199 533 205 562 ι
247 501 442 581 scriptionem
459 494 660 559 adornaruntt
684 515 757 557 nam
776 499 884 556 Petrus
904 493 1023 576 Gyllins
1042 494 1090 553 vir
1108 490 1146 552 de
1164 511 1197 552 re
1219 491 1353 553 literaria

247 591 361 666 optime
374 587 500 644 meritos
512 583 585 643 huic
601 585 697 643 labori
710 587 847 642 maxima
868 601 937 640 cum
948 578 1038 639 laude
1052 579 1201 652 incubuit3
1225 589 1255 637 et
1271 597 1353 658 pan-

246 676 291 732 nis
315 681 384 729 ante
406 673 492 730 annis
516 669 706 729 doctissimus
723 671 898 748 Ducangins
916 668 1074 726 uberrimis
1089 684 1124 724 ac
1141 661 1351 724 eruditissimis

247 759 470 816 commentariis
484 757 573 816 Pauli
588 757 755 815 silentiarii
771 753 1001 834 descriptionem
1015 752 1049 811 S.
1065 749 1197 830 Sophiae
1215 750 1355 808 illustra-

246 846 310 916 vit3
335 843 387 921 qui
401 860 474 900 sane
486 852 656 921 postremus
670 845 797 921 scriptor
807 843 851 898 ita
866 837 944 898 hanc
956 857 1020 897 rem
1032 839 1170 895 tractarit
1182 836 1281 894 utrix
1292 835 1355 892 ali-

248 926 324 1009 quid
345 928 419 984 novi
441 946 476 985 ac
495 928 678 987 inobservati
700 928 762 985 illis
783 923 894 984 addere
915 926 1065 1006 quispiam
1082 923 1186 1001 possit.
1203 915 1237 1000 *)
1280 917 1354 979 hinc

248 1031 339 1093 porro
360 1013 539 1073 factumest
563 1024 598 1072 ut
619 1014 726 1073 breves
747 1009 912 1070 admodum
935 1009 1164 1068 commentarios
1185 1007 1218 1065 in
1238 1003 1355 1064 deacri-

246 1101 384 1178 ptionem
398 1095 481 1157 aedis
498 1095 669 1177 Sophianae
682 1098 973 1170 concinnaverimus,
997 1105 1027 1152 et
1041 1095 1072 1152 in
1089 1091 1171 1152 hisce
1185 1111 1221 1150 ea
1234 1101 1353 1150 tantum

248 1202 426 1243 moneamus
449 1201 527 1263 qnae
548 1184 599 1242 vel
620 1184 789 1243 necessaria
817 1201 883 1240 esse
912 1179 1055 1239 duximus
1078 1177 1117 1236 ad
1140 1173 1355 1236 illustrandum

250 1271 403 1347 scriptoris
424 1271 519 1327 nostri
541 1286 678 1344 sensnm,
699 1269 751 1327 rel
772 1268 873 1326 minus
886 1267 923 1324 ab
940 1267 1006 1324 aliis
1020 1265 1177 1324 observata
1190 1264 1284 1322 fuism
1302 1281 1354 1322 ar·

249 1355 406 1414 bitramnr.
447 1371 555 1412 rernm
575 1373 645 1412 cum
665 1373 765 1434 neque
784 1370 820 1412 ea
840 1370 918 1433 qnae
939 1349 977 1410 de
1001 1352 1092 1409 variis
1114 1349 1248 1429 partibus
1268 1346 1354 1408 aedis
1386 1363 1391 1376 ·

251 1436 423 1518 Sophianae
446 1439 483 1496 ab
504 1441 665 1518 Anonymo
684 1449 787 1498 noatm
804 1435 958 1510 dicuntur,
979 1453 1079 1517 nequa
1093 1454 1129 1494 ea
1142 1453 1220 1516 quae
1236 1433 1354 1494 anobis

251 1525 296 1583 ibi
313 1525 468 1582 observata
481 1534 566 1599 sunt,
589 1525 701 1604 absque
717 1520 850 1583 subsidio
862 1522 1033 1582 tabularum
1047 1539 1122 1602 quae
1135 1521 1233 1600 ipsam
1247 1517 1355 1578 aedem

252 1619 476 1688 repraesentant
496 1612 611 1689 percipi
631 1613 763 1689 possint,
786 1609 920 1667 maxime
943 1627 1012 1666 cum
1036 1607 1165 1664 tabellae
1185 1607 1257 1664 illae
1278 1623 1354 1685 quas

254 1695 369 1774 profert
387 1696 560 1774 Ducangius
579 1697 679 1754 minus
699 1705 854 1752 accuratae
870 1703 1046 1752 censeantur
1061 1693 1134 1750 viris
1150 1688 1261 1765 doctis,
1282 1689 1354 1750 ideo

253 1777 306 1839 hic
319 1781 451 1858 quinque
466 1781 592 1839 tabellas
606 1799 625 1837 a
637 1781 769 1839 Grelotio
784 1777 948 1838 delineatae
961 1797 1127 1858 proponere
1140 1779 1262 1856 placuit,
1279 1795 1355 1857 quas

255 1863 380 1946 quidem
393 1867 629 1924 accuratissimos
643 1885 709 1924 esse
723 1875 859 1924 asserunt
871 1866 929 1922 viri
940 1862 1049 1922 eruditi
1063 1874 1093 1921 et
1107 1859 1356 1921 architectonicae

255 1952 328 2008 artis
349 1952 457 2028 periti,
480 1953 533 2029 qui
555 1948 663 2008 aedem
683 1948 871 2029 sophianam
892 1947 946 2008 diu
968 1952 1027 2028 ipsi
1050 1949 1144 2007 oculis
1162 1949 1355 2028 contemplati

252 2045 334 2094 sunt.
378 2044 408 2092 et
428 2036 526 2113 prima
547 2034 672 2116 quidem
684 2035 797 2094 tabella
814 2032 1062 2114 ichnographiam
1078 2031 1162 2093 aedis
1176 2033 1208 2092 S.
1222 2031 1356 2113 Sophias

252 2117 395 2193 exhibet,
416 2118 548 2178 secunda
569 2125 760 2200 prospectum
779 2123 959 2179 exteriorem
975 2119 1239 2200 septentrionalem
1255 2130 1285 2178 et
1302 2139 1356 2179 oc-

253 2203 391 2278 ciduum,
419 2209 508 2264 tertia
534 2217 726 2285 prospectum
755 2207 935 2265 exteriorem
960 2203 1200 2264 meridionalem.
1249 2216 1357 2286 quarta

253 2302 356 2350 autem
374 2289 487 2349 tabella
506 2303 698 2372 prospectum
712 2293 886 2351 interiorem
900 2289 1035 2351 eiusdem
1047 2288 1130 2349 aedis
1142 2309 1245 2350 versus
1262 2291 1357 2350 altare

253 2385 468 2455 repraesentat.
517 2381 623 2458 quinta
652 2376 782 2459 deniqne
807 2387 999 2458 prospectum
1027 2377 1155 2435 alterum
1181 2377 1358 2435 interiorem

253 2464 349 2540 ipsius
376 2460 478 2533 aedis,
500 2464 587 2521 altari
609 2461 785 2537 adversum,
807 2482 843 2522 ac
866 2466 942 2522 ostia
964 2482 1068 2523 versus
1090 2450 1224 2520 exhibet.
1271 2460 1357 2523 hisce

254 2556 357 2605 autem
382 2547 502 2605 tabellis
527 2566 677 2627 apponere
700 2551 800 2605 visum
823 2558 868 2607 est
888 2547 1052 2607 earundem
1069 2547 1302 2629 explicationem
1319 2548 1358 2605 ab

254 2629 364 2690 eodem
394 2632 527 2691 Grelotio
556 2634 671 2692 Gallico
703 2630 848 2692 idiomate
878 2636 1104 2695 concinnatam:
1133 2652 1207 2691 nam
1228 2652 1268 2691 na
1292 2635 1360 2693 eius

253 2718 346 2776 verba
358 2706 466 2775 Latina
480 2717 613 2777 facerem
626 2720 717 2777 amici
730 2736 887 2778 monuere.

146 2986 241 3045 Pili
323 2982 593 3043 nxrmcatton
612 2982 690 3045 DES
710 2986 878 3049 RENVOIS
899 2988 965 3063 om
985 2985 1091 3049 SON'I'
1110 2988 1166 3050 All
1184 2990 1292 3050 PLAN

610 3106 664 3163 llll
687 3105 833 3167 sanum
855 3106 1008 3168 sonunt.

256 3272 292 3346 »1⁴
312 3271 358 3329 Le
381 3270 486 3330 nsilim
507 3270 545 3330 de
567 3271 681 3353 llglise
700 3275 738 3334 de
764 3276 868 3335 Sainte
890 3275 1000 3355 Sophia
1021 3287 1143 3336 conant
1161 3278 1236 3338 dam
1253 3276 1360 3358 grarrd

341 3355 441 3426 dom,
464 3358 519 3435 qui
531 3369 572 3414 est
583 3356 605 3416 ὰ
618 3380 651 3417 ce
665 3380 723 3439 que
735 3360 798 3419 l’on
811 3362 858 3421 dit
870 3362 907 3421 de
917 3364 1133 3443 pierreponce.
1183 3364 1223 3423 Ge
1237 3363 1323 3423 dome
1336 3384 1358 3422 a

341 3440 477 3499 dtr-tuit
495 3444 582 3499 toisea
598 3444 635 3502 de
650 3446 804 3505 (immane.

253 3526 284 3584 A
308 3524 388 3584 C'est
402 3524 541 3583 l’endrot't
554 3524 594 3586 ori
608 3533 693 3588 satori
703 3530 849 3611 aunesoia
864 3530 892 3589 la
907 3530 974 3591 seul
986 3531 1070 3591 wat
1082 3530 1119 3591 cle
1132 3542 1205 3591 cette
1218 3532 1320 3613 aglaes.

254 3612 282 3670 B
301 3612 348 3671 La
362 3608 502 3669 retrahe
513 3612 565 3671 deo
585 3616 692 3691 noce,
710 3616 783 3675 c'est
795 3637 907 3677 comme
919 3616 984 3676 leur
992 3618 1088 3689 autel,
1102 3638 1168 3675 vera
1180 3618 1281 3699 lequel
1291 3630 1357 3677 tous

338 3696 381 3754 lea
395 3696 609 3759 Mahometone
620 3722 650 3759 ce
663 3712 803 3761 mutuent
810 3723 892 3783 pour
898 3704 985 3783 faire
998 3702 1064 3763 teor
1070 3702 1183 3783 prodr&
1204 3704 1231 3761 il
1243 3706 1360 3786 estsait

338 3782 376 3840 de
387 3802 495 3840 meeme
505 3784 618 3863 qu’una
634 3788 722 3846 nz'clre
738 3788 816 3847 dane
833 3786 964 3868 laquelle
979 3810 1019 3847 on
1034 3799 1092 3847 met
1106 3786 1280 3849 I'Alcoran.
1326 3788 1359 3851 Π

338 3867 466 3946 regardo
483 3871 517 3926 la
530 3872 658 3950 Meaqne
672 3870 712 3931 cri
724 3884 768 3932 eat
782 3874 810 3931 le
828 3873 965 3936 tomheae
980 3875 1017 3935 da
1032 3872 1202 3950 Mulcerent,
1222 3895 1291 3936 cers
1304 3876 1358 3958 qui

338 3962 434 4011 acutae
449 3952 492 4012 lea
504 3956 665 4037 Mosqueen
678 3970 746 4018 sont
761 3960 906 4021 nume...

320 4207 357 4293 J)
391 4208 578 4265 Recentiamm
595 4210 664 4266 adde
678 4213 826 4267 Gibbonem
844 4215 923 4341 (esp.
937 4212 1006 4284 40),
1024 4208 1355 4297 FQfllffl,(¹i⁰fi¹,dtl¹’

255 4278 430 4420 ἓᾚείωτι
452 4286 475 4335 t.
494 4280 514 4335 2
534 4296 564 4352 p.
585 4282 672 4353 121),
700 4280 862 4355 Alphonann
908 4302 924 4340 a
949 4282 978 4339 la
1004 4280 1122 4339 unam
1145 4284 1225 4355 (ron.
1249 4282 1354 4339 Omont·
