3017 4900
247 366 355 415 xxvm
708 344 884 429 QUERGII

247 517 280 575 in
295 513 405 596 qnibns
420 513 486 574 eius
500 510 631 593 genuina
642 511 752 594 scripta
767 514 912 573 contineri
926 521 978 573 ant
992 510 1124 573 vidimus
1141 518 1193 569 aut
1205 510 1351 591 legimns.

184 604 187 609 ¹
247 619 279 676 in
294 614 478 675 bibliotheca
491 618 634 678 Vaticana
647 618 782 698 quinque
795 628 866 677 sunt
878 614 1052 677 huiusmodi
1062 613 1198 689 codices,
1220 632 1352 695 quorum

246 720 709 801 primnesignatnrnum.121.
751 723 785 780 in
807 741 843 779 eo
864 730 982 802 praeter
999 715 1187 793 Cleomsdis,
1208 717 1352 797 Dionysii

245 824 439 902 Periegetec,
460 819 616 881 Theodori
632 823 791 883 Prcdrcmi
805 824 993 903 aliorumque
1006 840 1097 901 opera
1110 828 1180 879 sunt
1196 820 1351 901 Ibupyicv

247 921 394 990 διατόνου
415 924 470 989 sci
488 926 722 1009 ὄιφεοιοδορίοο
739 929 797 989 τοῦ
818 926 952 989 Πισίδοο
968 925 1061 1006 στίχοι
1074 923 1118 997 είς
1131 917 1189 1008 τὴν
1202 916 1350 1002 ‘Bittius-

247 1051 313 1109 ρον.
356 1026 456 1087 codex
476 1038 522 1087 est
539 1032 785 1105 minutissimuss
796 1028 851 1089 sed
866 1028 1052 1107 elegantibus
1065 1027 1173 1085 litteris
1188 1036 1348 1087 exaratus:

247 1132 342 1191 iambi
354 1131 482 1209 singulis
496 1132 615 1212 paginis
636 1136 670 1191 in
690 1142 831 1215 quattuor
844 1132 997 1191 columnas
1013 1128 1205 1209 digeruntur,
1227 1148 1288 1188 non
1305 1131 1348 1187 ita

246 1243 349 1293 tamen
360 1244 395 1293 ut
409 1244 471 1293 tcta
483 1235 624 1293 columna
631 1238 729 1316 prima
741 1232 872 1313 legenda
884 1236 936 1309 sit,
959 1244 1120 1314 antequam
1131 1230 1173 1291 ad
1182 1230 1348 1292 secundam

248 1338 318 1418 quis
331 1334 558 1416 progrediatur,
579 1336 635 1398 sed
648 1358 666 1397 a
679 1339 808 1418 singulis
823 1338 968 1418 cuiusque
983 1335 1141 1395 columnae
1156 1337 1261 1415 primis
1275 1356 1346 1395 rer-

242 1440 333 1499 ·sibus
355 1438 564 1519 incipiendum
589 1444 645 1517 sit,
673 1454 704 1501 et
724 1443 769 1500 sic
790 1438 899 1499 deinde
924 1435 1108 1497 veniendum
1128 1436 1168 1497 ad
1187 1436 1345 1514 secundos,

246 1544 369 1618 tertios,
391 1554 531 1624 quartos,
552 1554 644 1626 atque
665 1564 702 1603 eo
722 1541 827 1602 ordine
842 1537 1077 1601 continuandum
1090 1559 1187 1621 usqne
1202 1538 1347 1599 adfinem

248 1646 388 1725 paginae.
431 1654 565 1705 ceterum
581 1644 686 1705 multis
709 1654 804 1709 scatet
825 1644 988 1719 erroribus,
1013 1662 1048 1702 ac
1066 1642 1169 1723 plures
1188 1646 1221 1703 in
1237 1664 1273 1703 ec
1288 1642 1347 1703 de-

248 1758 320 1807 sunt
338 1768 461 1824 sersus,
488 1748 591 1827 plnres
613 1758 682 1808 sumt
705 1757 791 1807 extra
814 1744 951 1807 ordinem
971 1748 1154 1826 transpositi.
1196 1744 1345 1807 secandos

249 1846 348 1909 ocdex
358 1851 521 1911 Vaticanus
535 1861 580 1909 est
592 1852 671 1927 166,
691 1868 754 1908 non
776 1850 962 1929 ineleganter
980 1846 1035 1909 sed
1054 1850 1185 1909 multum
1201 1848 1349 1910 mendose

248 1954 392 2031 scriptus,
431 1972 501 2013 curn
529 1950 789 2012 emendationibus
811 1973 828 2011 a
850 1954 1006 2011 recentiori
1032 1972 1125 2012 manu
1145 1950 1290 2033 adpositis
1312 1956 1347 2010 in

246 2058 395 2133 margine.
438 2056 545 2115 titulus
556 2066 603 2115 est
614 2060 671 2119 τοῦ
683 2048 863 2134 σοφωτάτου
878 2054 930 2117 καί
941 2049 1121 2137 λογιωτάτου
1133 2054 1186 2119 τοί
1201 2055 1347 2137 dentosu-

245 2156 356 2239 ducicu
368 2158 426 2237 τῆς
439 2152 570 2240 perdice
584 2156 756 2239 ίτιιίησίσς,
777 2158 884 2239 supino
900 2161 956 2223 τοῦ
968 2160 1116 2235 Πισίδου,
1136 2158 1230 2239 στίχοι
1243 2158 1347 2238 lapda-

244 2258 296 2324 ιιοί
315 2255 390 2342 στοάς
413 2255 466 2325 eds
485 2254 674 2343 τιοτριάοχην
693 2255 1044 2334 Κωνστοντινουττάίεως
1061 2258 1205 2342 Σέργιον,
1225 2258 1282 2319 boc
1297 2270 1345 2317 est

244 2364 280 2421 in
291 2362 501 2423 Hecaeinercn
513 2364 617 2443 Sergio
630 2362 775 2423 decatum
821 2383 862 2423 ex
875 2361 933 2423 hoe
947 2360 1048 2422 codice
1063 2360 1167 2421 decem
1182 2364 1251 2423 illos
1265 2364 1346 2420 inm-

244 2465 300 2526 bos
314 2467 522 2547 supplevimus
538 2469 572 2526 in
586 2469 735 2547 principio
750 2489 780 2528 τ.
797 2473 859 2544 22,
878 2468 931 2549 qui
946 2469 1059 2526 suntin
1070 2465 1193 2526 laudem
1208 2462 1347 2524 eiusdem

245 2567 355 2646 Sergii.
399 2565 511 2628 desiuit
530 2570 564 2626 in
585 2590 706 2629 versum
730 2575 827 2635 1627:
850 2567 948 2643 οὕτως
966 2569 1074 2635 ἕκαστοι
1094 2561 1346 2650 συμφεράντωςῆ

241 2656 348 2750 χάρις,
367 2668 422 2730 sed
443 2691 498 2750 prc
522 2664 610 2750 χάρις
628 2669 721 2730 habet
736 2671 840 2746 κτίσις.
883 2675 987 2732 tertius
1008 2671 1105 2734 codex
1124 2674 1285 2734 Vaticanus
1299 2682 1346 2730 est

244 2774 325 2846 867,
346 2773 381 2830 in
401 2791 461 2852 quo
474 2770 537 2837 419
549 2773 644 2832 iambi
656 2784 774 2832 tautum
792 2775 829 2833 sb
845 2777 1033 2836 Hexsimero
1047 2778 1180 2855 excerpti
1191 2775 1344 2854 leguntur,

245 2876 299 2956 qui
314 2884 385 2934 sunt
398 2873 437 2934 ds
451 2876 628 2934 animalium
641 2877 889 2956 proprietatibus:
916 2881 1022 2959 incipit
1037 2883 1118 2938 enim
1132 2899 1150 2938 s
1165 2901 1254 2940 versu
1265 2883 1343 2944 988:

246 2981 294 3055 τίς
306 2983 420 3061 ταῦροι
432 2972 607 3062 insessas,
629 2989 660 3037 et
674 2977 784 3039 desinit
796 2982 828 3038 in
843 2999 965 3043 versum
979 2981 1077 3048 1557:
1099 2977 1176 3064 πρὸς
1187 2976 1285 3064 ἥνπερ
1298 2975 1346 3044 τί·

245 3103 298 3164 χιι
312 3075 420 3146 cistae
434 3074 624 3165 άνοστρίφει.
666 3092 747 3142 totus
768 3093 813 3142 est
830 3085 1018 3164 negligenter
1032 3096 1062 3144 at
1075 3105 1092 3144 a
1106 3086 1230 3144 barbara
1250 3103 1344 3144 menn

123 3225 127 3234 -
246 3197 406 3262 exaratus,
429 3195 538 3246 utnon
550 3185 669 3246 dubites
684 3207 755 3246 enm
769 3207 788 3246 a
798 3191 944 3268 sequioris
958 3189 1075 3254 saecrli
1085 3187 1217 3269 quodem
1230 3189 1341 3244 Graeco

247 3305 415 3346 emanasse.
457 3290 562 3348 titulus
576 3299 622 3348 est
635 3290 789 3372 Γεωρχίοο
805 3294 861 3354 τοῦ
872 3286 1050 3370 σοφωτάτου
1063 3290 1116 3354 τοὶ
1130 3285 1271 3356 διατόνου
1283 3291 1342 3368 τῆς

244 3391 302 3451 τοῦ
317 3384 447 3470 μεγάλης
459 3389 617 3470 ἐκκλησίας
628 3391 730 3471 στίχοι.
773 3395 807 3452 in
826 3394 885 3454 fine
901 3391 1344 3473 1οςὶιιιττίίοςτοῑνστιχιίοον.

243 3493 376 3566 interea,
399 3489 481 3572 qnod
499 3494 626 3568 mirere,
646 3493 742 3552 iambi
759 3513 821 3554 nou
840 3493 911 3556 sant
930 3501 1075 3580 στιχηροῖς
1093 3496 1148 3558 sed
1167 3499 1200 3556 in
1218 3491 1345 3554 modum

242 3613 351 3677 prosse
375 3595 517 3654 orationis
538 3598 678 3676 scriptae.
719 3608 843 3676 quartus
866 3597 1219 3672 consecraneorum,
1241 3616 1345 3656 mem·

242 3700 424 3775 brencceus,
445 3701 510 3760 eius
523 3699 639 3759 formae
654 3718 746 3781 qnam
761 3697 888 3760 dicimus
902 3705 934 3760 iu
948 3707 1005 3779 16,
1026 3699 1120 3762 nitide
1139 3713 1169 3760 et
1189 3703 1346 3779 eleganter

90 3826 119 3882 p.
134 3804 226 3863 XXVI
243 3814 289 3878 et,
310 3815 345 3863 ut
363 3800 500 3876 ridetur,
522 3803 601 3860 circa
620 3803 774 3862 ssectrlum
793 3805 832 3868 18
854 3807 983 3884 aperito
1000 3802 1184 3884 calligrapho
1202 3805 1342 3881 scriptus.

238 3907 267 3964 is
287 3916 334 3964 est
353 3903 451 3964 codex
471 3923 513 3964 ex
530 3924 591 3986 quo
611 3906 734 3964 fuerunt
751 3907 901 3985 exscripta
916 3907 1060 3986 opuscula
1073 3906 1194 3966 Pisidae
1210 3907 1247 3964 ab
1263 3902 1342 3962 llol-

241 4009 339 4068 stenio
356 4009 449 4066 missa
466 4009 623 4084 Maltreto,
646 4029 737 4091 quem
759 4009 888 4068 allatius
904 4028 966 4067 non
982 4006 1075 4086 vidit,
1100 4029 1117 4068 a
1134 4030 1195 4091 qno
1211 4025 1343 4088 apogra-

241 4109 339 4193 phum
352 4107 552 4169 bibliothecae
565 4113 757 4170 Gorsinisnae
770 4113 933 4171 formatum
947 4121 1007 4188 est,
1030 4123 1060 4171 et
1073 4131 1132 4193 quo
1147 4109 1272 4170 demum
1284 4129 1343 4168 nos

241 4218 276 4274 in
294 4211 353 4272 hac
373 4209 506 4271 editione
523 4211 710 4292 procuranda
726 4215 775 4272 usi
793 4233 906 4274 smnus.
949 4215 981 4272 in
1000 4235 1036 4274 eo
1055 4219 1137 4274 euim
1152 4217 1343 4274 continentur

192 4323 206 4370 t
244 4318 344 4376 emnia
369 4311 490 4377 Pisidae
510 4319 643 4377 carmina
666 4314 725 4378 hcc
748 4319 836 4378 titulo
854 4329 944 4400 atque
961 4317 1064 4378 ordine
1080 4317 1175 4399 στίχοι
1190 4315 1342 4400 Γιωρχίοιι
