3017 4900
543 389 747 458 acroasin
772 392 1215 463 1.153

116 555 242 614 Dissert.
264 556 322 620 38:
352 548 468 634 Πέρσαι
496 550 552 635 μὲν
577 558 638 636 scrip
660 551 779 639 ἄγαλμα
802 550 1000 637 λφῆμιρον’
979 550 1144 661 missuros
1162 558 1215 622 ιιαλ

117 632 297 745 ἀδηφάγον·
318 638 369 702 οιαὶ
383 638 498 702 θύουσι
515 638 630 744 Πέρσαι
644 641 733 721 scopi,
756 636 1028 719 iuspooorimc’
987 664 1068 727 αντῳ
1085 637 1143 725 τήν
1154 668 1215 707 τιν·

117 720 171 805 ρὸς
185 721 318 803 τροφήν,
339 716 558 806 1πιλέγονιες“
560 728 622 807 scrip
639 724 769 789 timisa
783 720 894 789 inlisa?

203 808 272 871 185.
316 809 428 886 It'pbea.
446 812 539 873 220·

201 895 271 955 189.
314 892 460 951 Chosroes
471 894 674 952 Romanorum
687 896 824 972 regiones
838 914 900 953 uon
911 892 1003 954 modo
1017 896 1144 973 spoliare
1156 896 1211 955 sed
1309 972 1313 984 ι

115 980 204 1034 etiarn
217 979 287 1054 igne
301 988 417 1036 vastare
432 976 598 1051 contendit3
622 976 701 1058 quod
717 998 753 1036 an
770 999 810 1037 ex
823 983 916 1038 animi
930 982 977 1039 sui
988 980 1106 1038 feritate
1119 1002 1156 1038 an
1170 1003 1210 1039 ex

113 1080 208 1119 vanae
229 1065 382 1141 religionis
403 1065 551 1164 principio
566 1065 680 1121 factum
694 1064 800 1139 fuerit,
822 1068 934 1124 nescio.
977 1075 1092 1123 constat
1108 1076 1209 1123 autem

113 1148 145 1203 in
165 1166 248 1204 more
269 1149 362 1205 fuisse
381 1148 471 1205 etiam
485 1147 564 1228 apud
580 1158 695 1207 veteres
707 1151 815 1208 Persas
836 1160 870 1207 ut
894 1170 981 1229 agros
1000 1150 1167 1231 urbesque'
1159 1171 1208 1208 rn-

113 1230 291 1290 canderent:
320 1250 391 1290 nam
410 1236 543 1308 Xerxes,
566 1232 717 1291 Herodoto
739 1244 815 1292 teste
834 1234 888 1293 lib.
912 1239 984 1312 8p
1009 1232 1088 1309 474,
1113 1246 1207 1293 totam

112 1320 243 1374 Atticam
262 1319 387 1375 exussit.
431 1317 512 1399 quod
533 1279 624 1377 'fuis
613 1338 645 1375 ιιι
663 1337 752 1377 causa
766 1328 800 1377 ut
811 1322 964 1378 Maximus
977 1320 1088 1397 Tyrius
1100 1322 1207 1380 Persas

112 1404 219 1459 acriter
237 1398 468 1507 reprehenderet
486 1401 535 1461 his
555 1404 670 1462 verbis.
696 1398 792 1485 τούτῳ
805 1428 845 1488 τῳ
832 1400 1005 1511 'riydipovs
1020 1402 1072 1465 sol
1078 1428 1126 1509 τῳ
1115 1408 1208 1489 θεῷ

110 1483 221 1546 ιιαλ
184 1510 240 1563 την
260 1481 410 1593 Ἐρέτριαν
431 1481 585 1549 incisioni
604 1484 751 1549 δεδώκατε
765 1464 900 1563 sisisoig’
900 1483 1032 1570 Αθήνας
1046 1482 1139 1563 crisos
1155 1490 1206 1553 soi

109 1565 147 1633 τα
162 1564 269 1632 Ἰο1νων
284 1568 349 1653 ἱεροὶ
364 1571 417 1634 sul
429 1596 466 1633 τα
459 1566 630 1651 Ἑλλήνων
645 1565 811 1653 ἆγοὶλματα.

195 1658 267 1718 193.
308 1651 479 1737 νοούμενον
503 1666 547 1715 est
570 1656 720 1736 quidquid
737 1668 833 1715 νιοιιιο
853 1656 1020 1733 concipitur
1038 1666 1068 1712 et
1083 1656 1169 1715 aub'
1154 1680 1204 1717 m-

108 1738 305 1819 telligentsbrss
325 1743 418 1800 eadit:
442 1744 602 1821 opponitur
623 1752 722 1800 autem
735 1747 800 1814 τοῖς
815 1739 976 1820 ὁρωμένοις
990 1750 1021 1799 et
1034 1741 1203 1842 αἰσθητοῖς,

106 1823 194 1883 rebus
215 1825 384 1885 visibilibus
404 1837 432 1883 st
454 1824 653 1885 sensibilibus.
697 1828 800 1906 itaque
830 1824 982 1905 νοονμὲνη
1004 1819 1085 1904 πύλη
1110 1839 1204 1905 porta

107 1908 332 1983 intellectualis,
351 1932 406 1991 per
421 1929 512 1991 qnam
526 1930 661 1990 egressus
675 1922 720 1969 est
732 1911 902 1983 Heraclius,
924 1911 974 1967 vel
985 1920 1031 1968 est
1043 1912 1139 1989 pietas
1153 1914 1205 1972 vel

107 1996 269 2073 sapientia,
291 1998 342 2055 vel
360 1994 484 2055 tandem
505 1994 595 2073 dens,
618 2014 677 2077 quo
701 1993 776 2055 duce
799 2006 829 2056 et
847 1997 954 2055 comite
968 2014 985 2053 a
1001 2005 1080 2054 recto
1094 1999 1201 2056 itinere

107 2080 241 2140 aberrare
256 2100 317 2140 non
331 2084 436 2162 potuit.

111 2186 115 2193 ’
189 2170 262 2230 200.
306 2164 414 2231 alludit
427 2163 466 2224 ad
477 2163 558 2225 diem
570 2168 702 2225 natalem
712 2166 842 2245 imperii,
857 2166 910 2247 qui
922 2163 985 2224 dies
997 2162 1032 2230 vd
1043 2165 1201 2247 γενέθλιον

106 2249 281 2328 simpliciter
302 2250 361 2309 dici
386 2252 500 2310 solebat
523 2262 552 2311 et
569 2270 680 2331 magna
701 2255 837 2311 omnium
855 2250 994 2309 ordinum
1010 2254 1199 2311 solemnitate

105 2334 325 2409 celebrabatur3
347 2333 427 2395 unde
440 2334 597 2419 γενέθλιον
611 2332 733 2399 ἱππικόν
748 2347 779 2395 et
791 2332 971 2417 γινοθλιακή
988 2338 1118 2416 orasti,
1142 2358 1199 2395 na-

105 2420 198 2477 talicii
213 2419 278 2479 ludi
292 2380 444 2482 Circenses
462 2432 492 2480 et
506 2423 646 2480 natalicia
665 2422 834 2501 spectacula
849 2440 867 2479 a
882 2417 1071 2498 Theophane
1078 2443 1115 2501 p.
1137 2424 1196 2488 191

104 2513 134 2562 et
149 2507 209 2570 195
225 2519 428 2566 memorantur
434 2527 540 2589 ‚quae
554 2509 586 2565 in
603 2505 684 2564 diem
700 2507 738 2569 11
755 2508 829 2562 Maii
840 2502 1022 2564 incidebant.

186 2593 260 2654 202.
303 2612 392 2673 saepe
406 2595 578 2651 Heraclium
591 2601 625 2650 ut
643 2589 788 2649 athletam
803 2599 1019 2669 repraesentat,
1042 2591 1197 2648 acnullibi

102 2692 175 2732 sanc
189 2678 318 2754 apertius
332 2697 421 2759 quam
441 2676 491 2736 hia
505 2688 535 2736 et
548 2680 580 2735 in
593 2677 786 2757 sequentibus
800 2676 918 2735 iambis.
961 2678 1063 2756 itaque
1080 2673 1197 2733 inducit

102 2761 273 2820 Heraclium
286 2772 316 2821 et
326 2761 491 2822 Chosroam
501 2765 620 2824 veluti
611 2773 689 2821 mter
705 2783 737 2821 se
751 2771 898 2820 certantes
919 2779 1023 2819 cursu:
1046 2758 1197 2819 theatnnn

102 2846 164 2901 sive
183 2847 285 2905 Circus
307 2859 352 2907 est
369 2860 447 2906 terra
466 2853 604 2906 universa
612 2857 823 2926 ,spectatores
837 2857 907 2905 sunt
924 2849 1060 2906 omnium
1077 2846 1196 2903 urbium

101 2931 194 3005 cives,
216 2930 310 2990 iudex
327 2942 371 2991 est
387 2930 470 2989 deus.
514 2931 699 2990 huofacinnt
712 2951 790 3010 quae
804 2930 937 2988 diximus
950 2950 1044 3006 supro
1057 2949 1086 2987 ι.
1099 2929 1152 2992 51.

184 3014 258 3079 204.
301 3027 336 3076 nt
356 3037 507 3076 summum
528 3014 672 3074 athletam
696 3015 790 3073 fuisse
808 3015 981 3072 Heraclium
1002 3012 1195 3088 demonstret,

99 3100 233 3202 quinque
255 3121 396 3162 cursuum
417 3103 467 3160 vel
488 3105 684 3160 certaminum
705 3101 860 3157 victoriam
878 3100 1039 3156 eitribuit.
1062 3101 1194 3156 atenim

100 3175 308 3286 asstiqnitaturn
316 3191 479 3290 scriptores
491 3185 628 3261 tradunt,
650 3187 718 3244 1111
709 3195 787 3243 mter
800 3182 926 3242 athletas
940 3182 1125 3240 habebantur
1137 3204 1193 3261 pe-

99 3273 232 3329 ritissimi
242 3275 325 3354 ,qui
346 3269 505 3355 πεντάθλῳ
527 3276 589 3331 aive
610 3273 743 3351 quinque
759 3271 956 3326 certaminum
964 3266 1124 3346 generibus
1136 3266 1191 3325 de-

98 3365 272 3435 certassent,
293 3357 435 3416 videlicet
450 3377 553 3434 cursu,
576 3358 670 3432 saltu,
694 3354 791 3429 disco,
813 3356 928 3428 iaculo,
950 3354 1049 3426 lucta,
1072 3372 1107 3411 ac
1119 3373 1192 3432 pro

97 3436 168 3495 inde
185 3404 356 3505 πεντάθλου
377 3445 439 3502 aive
454 3441 535 3522 quod
550 3441 633 3500 idem
649 3450 695 3499 est
709 3398 944 3519 quinquertionir
958 3439 1024 3497 laus
1039 3396 1125 3495 iam'
1114 3440 1191 3496 insi-

97 3524 165 3600 gnis
185 3527 265 3604 apud
283 3539 399 3588 veteres
418 3528 492 3604 fuit,
515 3538 548 3586 ut
570 3529 622 3608 qni
641 3528 674 3583 in
696 3527 758 3583 illis
779 3527 912 3606 quinque
928 3525 1192 3582 exercitationibus

96 3609 277 3684 eminerent,
306 3612 470 3675 πένταθλοι
483 3612 533 3670 vel
546 3611 786 3692 quinquertsbnes
802 3609 980 3668 dicerentur.
1025 3628 1102 3690 quae
1120 3613 1192 3689 qni-

96 3691 166 3750 dem
180 3695 246 3754 laus
258 3706 320 3754 tarn
335 3698 394 3756 late
407 3699 521 3777 patuit,
543 3709 577 3756 ut
590 3717 643 3778 qui
634 3697 758 3776 ahqno
768 3697 912 3754 virtutum
924 3713 1034 3773 genere
1053 3703 1190 3774 praesta-

95 3789 176 3852 rent,
196 3783 375 3841 mansiaticie
396 3782 560 3846 circuitos
581 3781 812 3861 appellarentur.
857 3779 938 3862 quod
959 3776 996 3838 de
1017 3779 1188 3837 Democrito

94 3863 206 3922 dictum
226 3869 316 3926 rescit
331 3869 493 3971 Diogenes
496 3870 633 3926 Laertius
648 3867 702 3925 lib.
718 3869 738 3928 9
761 3871 819 3930 st:
842 3863 884 3938 oie
898 3861 1060 3948 πεντάθλῳ
1079 3861 1189 3927 iosss‘
1171 3887 1188 3926 ο

93 3942 278 4028 φιλόσοφος·
299 3976 351 4014 και
340 3945 444 4032 ἦν
419 3975 460 4026 ως
473 3946 596 4031 silubris
609 3951 642 4015 iv
653 3950 822 4036 φιλοσοφία
832 3949 1010 4021 πένταθλος.

177 4037 248 4099 205.
291 4029 485 4118 intercipere,
512 4035 583 4096 hinc
610 4035 681 4095 inda
707 4011 827 4093 stimulo
847 4036 896 4093 vel
917 4033 1037 4112 flagello
1058 4034 1185 4092 incitans

91 4135 203 4197 equos,
236 4130 269 4179 ut
292 4124 325 4180 in
349 4121 455 4182 multis
475 4125 606 4205 antiquis
624 4121 827 4182 monumentis
848 4129 1108 4200 repraesentantur
1129 4139 1185 4176 au-

88 4203 182 4282 rigae.

173 4289 246 4350 206.
289 4287 469 4372 παραβάτην
494 4303 572 4353 recte
593 4302 680 4350 vocat
700 4287 881 4364 Chosroam,
912 4300 978 4348 tum
1005 4287 1085 4370 quod
1107 4289 1184 4366 legis

88 4373 263 4432 violatorem
280 4375 466 4454 parabatom
482 4379 628 4440 vocabant
642 4378 766 4452 Graeci,
787 4387 821 4435 ut
834 4375 1057 4436 observavimus
1070 4373 1108 4430 de
1122 4373 1185 4427 Iis·-
