3017 4900
383 375 637 446 DESCRIPTIO
661 375 697 444 S.
722 375 914 450 sorffltu.
1126 379 1199 452 107

105 543 313 606 collocantium
333 543 447 624 ubique
464 543 616 603 luminum
638 543 750 604 seriem
770 556 800 604 et
820 543 1047 604 multitndInem
1061 545 1200 608 observat

31 656 32 669 ι
105 635 190 692 etiam
201 633 399 690 Beniaminus
409 627 591 690 Tudelensis
604 633 638 689 in
651 633 823 706 quentio,
848 629 896 690 his
911 632 1027 691 verbisr
1057 633 1090 692 εἐι
1102 632 1200 692 meus

104 729 199 776 αειιαιι
220 715 330 794 tempto
356 715 514 774 eolrsmnoe
531 727 605 776 eunt
621 735 732 776 aureae
752 727 783 775 et
801 728 974 798 argenteae,
1014 717 1200 778 candelabro

104 806 234 862 murum
245 813 276 859 et
289 801 438 872 laternae,
458 801 629 879 lampades,
649 801 754 862 etalio
770 823 807 860 ea
817 823 893 862 auro
906 813 934 860 rt
946 813 1085 883 argento,
1106 804 1201 882 plura

105 910 191 969 quarn
200 887 392 947 cimam
405 888 558 966 quispiam
567 894 675 966 possit.

182 972 235 1038 49.
277 976 393 1032 hacta
408 984 439 1032 et
453 975 589 1032 confecta
606 995 647 1032 ex
663 975 856 1052 scriptoribus
871 971 955 1034 aedis
968 970 1139 1052 sophianis
1152 974 1201 1033 fa·

105 1059 198 1118 brioae
210 1057 419 1139 descriptione,
440 1070 541 1137 partes
554 1060 637 1118 illius
650 1063 807 1120 interiores
820 1061 1007 1138 singulatim,
1024 1057 1130 1119 sedern
1141 1077 1203 1140 qua

105 1148 196 1222 priora
206 1143 362 1219 methodo,
382 1145 471 1204 nobis
481 1155 595 1204 restant
608 1145 821 1205 enucleandae.
865 1149 897 1206 iu
911 1157 972 1206 tres
987 1156 1091 1204 eutem
1105 1147 1202 1224 potis-

105 1233 210 1290 simum
223 1229 306 1309 opud
320 1231 466 1308 Graecos,
499 1242 533 1290 ut
554 1241 585 1290 et
605 1231 687 1310 apud
704 1217 844 1306 Latinos,
876 1233 1026 1312 templum
1046 1228 1201 1306 dividitur,

106 1317 182 1396 βῆμα
200 1319 331 1390 scilicet,
357 1312 451 1393 ναόν,
480 1328 512 1378 et
525 1337 595 1376 eam
605 1319 640 1376 in
654 1337 714 1399 qua
727 1316 832 1378 fideles
846 1321 1022 1377 consistunt.
1066 1317 1201 1396 Symeon

105 1399 240 1461 Thessal.
255 1400 294 1460 de
309 1403 440 1482 templus
462 1399 580 1477 testu
593 1397 674 1477 ἅπας
686 1399 759 1478 ναὸς
771 1404 934 1484 τριασιιιοῖς
946 1407 1116 1484 θεωρεῖται,
1136 1407 1202 1476 ταῖς

105 1483 159 1566 epo*
178 1491 236 1550 τοῦ
255 1491 336 1550 ναοῦ
356 1486 437 1566 φημὶ
458 1488 661 1573 arciepiscopi
680 1489 732 1551 sut
750 1493 795 1574 τῷ
809 1483 930 1568 βήματι.
974 1489 1077 1548 locum
1091 1487 1201 1568 templi

104 1575 337 1648 smotissimum,
360 1584 390 1632 et
400 1575 433 1632 in
446 1592 506 1655 quo
519 1594 605 1634 saora
617 1577 761 1654 mysteria
774 1585 967 1654 peraguntur,
988 1568 1024 1636 ed
1039 1567 1202 1654 ἱερώτατον

105 1661 210 1738 χορίον
223 1659 276 1721 sei
292 1665 357 1733 τοῖς
371 1652 555 1740 ἆπορρήτοις
569 1660 808 1740 διακεκριμένον,
827 1662 871 1718 uti
884 1659 1054 1739 appellatur
1067 1658 1104 1716 ab
1115 1661 1201 1738 Agn-

105 1741 163 1802 thia
178 1745 202 1802 l.
218 1744 250 1819 5,
270 1747 355 1804 varie
366 1744 461 1804 iidem
475 1747 582 1804 Graeci
598 1757 726 1806 vocante
751 1743 905 1804 interdum
923 1747 1004 1803 enirn
1023 1740 1129 1819 tusce,
1150 1747 1201 1802 in·-
1217 1737 1241 1794 P
1257 1737 1312 1796 56⁰

105 1828 219 1888 tendum
235 1830 380 1911 ἴερατεῖον
392 1842 445 1892 aut
457 1828 695 1913 θυσιαστήριον,
723 1829 778 1890 sed
789 1833 942 1890 communi
958 1851 993 1890 ao
1005 1833 1103 1908 magis
1117 1849 1203 1888 rece-

105 1924 151 1993 pto
176 1913 256 1994 apud
280 1917 352 1974 illos
373 1919 519 1977 vocabulo
535 1917 620 1997 βῆμα
635 1928 825 1997 nuncupent,
853 1925 951 1976 totum
969 1935 1079 1995 nempe
1087 1905 1203 1975 locum

106 2001 190 2058 illum
202 2005 256 2081 qui
268 2003 411 2064 cancellis
423 2023 442 2061 a
450 2023 509 2062 nac
525 2001 703 2082 disparetur.
726 2021 855 2083 cumque
866 2003 898 2060 in
914 2002 1003 2060 bema
1015 2002 1087 2060 eolis
1100 2020 1203 2060 sacen-

108 2083 221 2145 dctibus
233 2091 282 2146 ius
295 2099 374 2147 esset
385 2087 557 2148 introeundi
570 2091 619 2148 rel
634 2091 667 2148 in
679 2109 715 2148 eo
729 2087 873 2163 sedendi,
904 2085 975 2146 inde
991 2089 1044 2168 qui
1060 2090 1089 2146 ei
1103 2091 1203 2146 inrer-

108 2172 232 2247 viebant,
254 2170 328 2230 dicti
341 2173 374 2235 oi
390 2169 451 2237 tat
463 2178 519 2236 τοῦ
533 2169 667 2252 βήματος
678 2176 823 2254 Gregorio
839 2176 1048 2232 Nanzianzeno
1061 2183 1135 2232 oret.
1152 2173 1203 2248 19,

109 2268 250 2316 eteorum
263 2257 337 2318 ordo
350 2253 434 2335 τάξις
448 2263 504 2322 τοῦ
520 2252 654 2340 βήματος
668 2261 706 2318 ab
723 2257 831 2319 ecdem
844 2260 1012 2339 appellatus
1027 2267 1101 2316 orat.
1121 2260 1153 2316 in
1169 2257 1204 2316 S.

108 2344 265 2419 Basilinm3
288 2342 372 2424 quod
383 2355 413 2403 et
425 2343 464 2404 de
477 2343 671 2404 diaconorum
687 2347 856 2425 praecipuis
870 2346 1000 2422 intelligi
1016 2342 1115 2418 debet,
1131 2361 1206 2424 quos

108 2433 284 2511 λειτουργῶν
294 2430 448 2512 ἐκκρίτους
457 2433 620 2510 Dionysius
630 2441 727 2507 vocat,
750 2435 803 2513 qui
818 2433 958 2511 episcopo
971 2430 1107 2491 astabant
1121 2448 1208 2490 secra

109 2514 235 2574 facienti.
269 2527 360 2597 etque
374 2527 409 2577 ut
421 2537 440 2576 a
453 2519 576 2576 Graecis
592 2517 749 2593 ἱερατιῖον,
769 2520 812 2575 its
830 2536 846 2574 a
859 2518 975 2577 Latinis
989 2514 1208 2595 presbyterium

109 2598 229 2677 dicitur,
260 2599 343 2683 quod
357 2605 390 2661 in
405 2622 441 2662 eo
455 2604 514 2663 soli
527 2606 690 2662 consistant
703 2604 880 2683 presbyteri.
924 2613 969 2662 est
986 2604 1068 2661 enirn
1078 2599 1208 2680 presby-

109 2688 211 2745 terissm
223 2685 308 2767 apud
322 2688 355 2747 S.
371 2689 553 2768 cyprianum
575 2691 662 2769 epist.
684 2689 742 2764 35,
771 2689 813 2753 46
838 2698 869 2748 et
890 2686 946 2763 49,
977 2698 1007 2747 et
1024 2690 1057 2747 in
1080 2686 1208 2767 epistole

109 2772 252 2831 Bonifaoii
276 2774 346 2848 PP,
389 2793 466 2854 quae
486 2773 614 2834 habetur
635 2777 669 2833 in
692 2775 869 2834 collectione
889 2776 1025 2834 Romana
1045 2774 1206 2848 llolstenii,

109 2858 347 2939 presbyterorum
360 2878 515 2920 consessus
526 2871 556 2919 et
568 2871 742 2935 conventus,
764 2863 818 2941 qui
831 2859 990 2939 συνέδριον
1004 2862 1061 2921 τοῦ
1076 2859 1207 2941 πρεσβει-

109 2946 204 3024 τερίον
219 2943 331 3003 dicitur
343 2946 455 3004 Basilio
471 2949 559 3025 epist.
574 2948 636 3009 319
652 2944 690 3003 ad
704 2950 859 3005 Innocent.
904 2944 942 3004 de
957 2944 1144 3024 presbyterio
1162 2946 1206 3001 ita

110 3028 237 3106 synodus
250 3032 387 3089 Romana
399 3032 455 3090 sub
468 3034 605 3111 [iugenio
621 3050 647 3089 ετ
665 3034 715 3090 ΡΙ)
735 3051 762 3089 ο.
776 3034 835 3095 33:
856 3030 1043 3091 εαοινᾱοιειιει
1059 3030 1207 3088 oliorum-

112 3135 166 3193 ραι
183 3115 360 3175 elericorum
380 3117 510 3175 ecclesiis
526 3118 716 3175 servientum
733 3116 859 3175 Ιιοιιοναν
880 3137 902 3175 a
919 3114 1067 3173 laieorum
1083 3114 1208 3172 ducrere

110 3220 253 3278 apparere
268 3204 414 3261 mnverut.
460 3201 653 3285 quamobrem
671 3200 753 3260 nth
772 3202 920 3261 laieorum
940 3201 1031 3259 licent
1049 3201 1083 3257 in
1098 3220 1130 3257 εο
1144 3198 1209 3257 loco

112 3284 163 3343 ubi
181 3287 349 3346 modom
371 3288 516 3368 nequire
541 3289 646 3347 cleriei
669 3290 854 3358 consistunt,
885 3288 969 3367 quod
988 3284 1209 3365 presbyterium

112 3383 316 3451 nuncupante,
345 3374 467 3453 quando
486 3377 578 3433 misen
599 3373 781 3444 celebratur,
809 3377 979 3444 consistere,
1009 3382 1045 3431 ut
1062 3370 1153 3429 libere
1170 3392 1209 3429 ao

112 3455 268 3532 lionorfice
287 3461 405 3537 possint
424 3481 513 3519 suero
533 3462 634 3540 (spicia
651 3479 793 3519 exercere.
844 3458 1004 3540 praedictis
1024 3456 1100 3517 haec
1123 3454 1210 3515 addit

112 3542 240 3619 synodus
257 3546 394 3604 Romana
407 3547 463 3605 sub
477 3550 579 3606 Leone
592 3564 630 3607 ετ
647 3550 697 3605 ΡΙ)
713 3566 740 3605 ο.
755 3550 817 3610 38:
848 3566 902 3603 neo
922 3548 999 3603 inter
1019 3563 1121 3602 sacros
1134 3562 1210 3600 cort·

113 3628 198 3688 cellos
210 3628 369 3688 ordiatur
382 3630 507 3704 debitos,
527 3634 588 3690 nisi
593 3636 783 3711 permittente
794 3632 944 3711 episcopo,
965 3638 1111 3688 attentent
1123 3646 1212 3685 coos·-

115 3710 178 3771 dere
192 3716 355 3775 saculares.
396 3716 449 3776 ubi
462 3718 681 3799 presbyterium
693 3736 794 3777 sacros
808 3717 956 3775 cancellos
969 3716 1138 3795 promiscue
1154 3730 1212 3792 ap-

115 3800 216 3875 pellari
226 3804 384 3881 perspicue
397 3814 490 3882 patet.
531 3806 571 3863 iis
583 3805 751 3865 consimilia
765 3800 878 3862 hebent
891 3802 1068 3861 Anastasius
1080 3801 1112 3859 in
1128 3800 1213 3857 eius-

116 3881 182 3942 dem
198 3888 310 3945 Leonis
333 3889 396 3946 ritn
416 3908 447 3968 p.
464 3892 524 3953 177
543 3899 574 3947 et
587 3891 726 3949 Gelasius
742 3909 756 3948 1
773 3908 852 3969 papa
870 3889 958 3966 epist.
974 3888 1005 3949 9.
1049 3896 1139 3967 atque
1153 3882 1213 3943 hec

116 3972 232 4030 notione
241 3969 461 4051 presbytorum
473 3977 587 4053 passim
599 3985 746 4055 usurpent
756 3976 933 4033 Anastasius
949 3974 983 4031 iu
1001 3973 1070 4031 ritis
1088 3970 1214 4051 pontifi-

118 4072 192 4129 cum,
211 4056 287 4116 ordo
301 4059 467 4136 Romanus,
489 4062 646 4121 Caesarius
657 4056 854 4140 Eysterbeoh.
873 4060 968 4118 etalii
984 4077 1060 4139 quos
1074 4076 1129 4117 suo
1144 4058 1212 4117 loco

118 4140 285 4202 referemus.
328 4143 384 4203 sed
399 4156 430 4204 et
443 4149 625 4205 emtorium
638 4144 758 4205 videtur
773 4144 918 4225 appellari
932 4147 965 4203 in
980 4140 1089 4203 eodem
1108 4142 1214 4202 ordine

119 4224 247 4288 Romano
257 4248 321 4289 uon
334 4232 446 4306 semel,
475 4252 549 4291 voce
563 4232 689 4307 Latina,
712 4250 791 4313 quae
804 4230 888 4289 idem
902 4228 984 4311 quod
999 4228 1216 4312 πρεσβυτέριον

120 4323 215 4371 sonat:
244 4314 300 4374 nbi
322 4316 368 4375 ad
377 4320 561 4376 senatorum
579 4317 690 4376 dicitnr
707 4316 881 4375 ᾱονοοιιᾱινε
892 4316 1047 4396 pontefex,
1069 4326 1104 4373 ut
1120 4314 1217 4372 sueci-

119 4396 183 4471 pt'ct
191 4396 354 4462 dhaene·
360 4405 551 4483 promptim,
571 4404 622 4467 rel
635 4414 671 4463 ut
683 4404 882 4463 comnenicet
892 4421 940 4461 eor
954 4404 1009 4483 qui
1020 4403 1055 4459 ιἐι
1070 4400 1217 4461 εοειαιονὶσ
