3017 4900
715 343 776 412 DU
802 339 942 410 oaNth

775 503 839 573 rino*
851 509 998 591 προβλῆτι
1014 501 1048 570 δὲ
1062 498 1168 594 ιιόομφ

441 591 595 677 &saepta
611 589 729 677 λιίίγγες
745 589 964 676 ἒοτερνοίοιιντο
977 592 1104 672 πορείην

442 675 583 761 στεινήν,
603 674 814 762 τερμιόεσοαν,
837 675 899 766 dap
918 677 970 741 ιιοιλ
986 671 1153 757 φωσφόρος
1170 670 1249 756 α’νῆρ

441 762 572 844 ίίτρομος
591 758 751 845 α’μφιθίοιν
772 761 872 847 ίεροιίς
890 767 1064 844 λαμπτῆρας
1080 754 1216 823 οίνοίπτει.

165 852 257 909 Ρὸίί
359 849 411 912 88.
454 852 541 910 Muro
572 847 788 929 hemisphaerii
816 848 934 908 testudo
964 847 1144 920 orbiculata,
1174 849 1207 902 in
1230 840 1383 924 sphaerae

273 929 399 992 modum
423 945 593 1015 compacta,
614 937 772 995 incumbit.
804 927 894 993 ¹hanc
914 934 1005 1011 vulgo
1024 925 1123 994 θόλον
1140 938 1248 990 vocant
1270 930 1383 987 Graeci

273 1021 442 1098 scriptores.
487 1031 532 1080 est
552 1031 652 1079 autem
672 1015 783 1096 θόλος,
805 1030 839 1078 ut
855 1028 901 1079 est
915 1016 996 1098 apud
1010 1013 1211 1095 Hesychinm‚
1234 1029 1383 1094 στρογγυ-

272 1102 393 1183 londria
412 1101 510 1180 οίνος,
533 1126 589 1165 seu
604 1118 638 1165 ut
653 1117 698 1165 est
711 1103 793 1184 apud
807 1103 957 1164 Isidorum
973 1113 1002 1161 et
1019 1105 1160 1181 Papiam,
1182 1102 1313 1156 casinens
1330 1119 1384 1155 rc·

273 1190 409 1248 eruditas
421 1202 450 1248 et
454 1191 624 1270 fastigium
635 1191 749 1268 templi.
795 1191 937 1268 Ugutioni
954 1189 1072 1268 proprie
1087 1183 1210 1266 quidem
1225 1182 1325 1241 tholus
1337 1193 1384 1240 est

272 1275 356 1332 velut
366 1287 486 1334 scutum
500 1275 599 1346 breve,
620 1277 747 1355 quadiu
760 1276 856 1334 erudio
870 1277 939 1332 tecti
952 1285 1008 1344 est,
1030 1274 1063 1329 in
1075 1292 1134 1350 qam
1149 1268 1247 1328 nubes
1259 1278 1380 1326 marne.

273 1363 359 1419 caius
382 1360 505 1442 quidem
519 1363 601 1420 vocis
615 1364 755 1419 meminit
768 1357 956 1422 vitruviust
978 1363 1015 1434 7,
1036 1358 1155 1416 tametsi
1171 1354 1209 1413 de
1226 1352 1384 1432 significa-

231 1445 235 1455 '
273 1447 357 1503 tione
372 1449 451 1505 inter
463 1467 496 1506 se
511 1443 687 1505 dissentiant
701 1448 784 1504 illius
798 1449 985 1525 interpretes.
1030 1441 1109 1500 tholo
1116 1441 1317 1520 sartiginem
1330 1436 1383 1495 di-

273 1533 323 1589 xit
350 1532 513 1590 Paulinusz
542 1541 573 1590 et
603 1541 688 1591 retus
720 1535 906 1610 epigramma
929 1532 961 1588 in
985 1525 1231 1606 Asclepiodotum
1251 1521 1383 1584 Authol.

273 1617 328 1674 Gt·
350 1614 371 1678 4
391 1619 433 1680 28
454 1621 558 1679 κοῖλον
578 1615 698 1699 ἔρεισμα
721 1610 821 1680 θόλον
844 1617 998 1695 eleganter
1014 1613 1177 1692 appellarit
1197 1611 1327 1690 parietes
1347 1611 1382 1666 in

274 1700 380 1758 orbem
409 1703 533 1761 interius
564 1700 798 1776 circumductos,
832 1703 884 1783 qui
910 1697 1092 1759 testudinem
1113 1694 1301 1776 sphaericam
1324 1713 1383 1752 seu

273 1783 394 1843 tholum
420 1790 578 1845 sustinent.
631 1788 669 1846 ab
697 1785 846 1846 eiusmodi
866 1784 958 1845 tholis
979 1783 1094 1842 dictum
1115 1777 1255 1844 θολωτόν
1274 1779 1382 1857 magni

273 1869 381 1948 palatii
408 1872 587 1947 triclinium,
617 1873 654 1929 ab
674 1875 834 1931 Anastasio
859 1873 968 1931 Dicoro
996 1879 1196 1940 exstructum,
1228 1873 1263 1923 ut
1287 1865 1382 1923 refert

272 1957 423 2030 Zonaras3
446 1955 528 2036 quod
540 1955 624 2014 idern
636 1977 701 2015 esse
714 1967 831 2016 constat
847 1976 916 2014 cnm
929 1955 1030 2028 trullo,
1052 1956 1084 2011 in
1097 1971 1159 2034 quo
1171 1949 1273 2010 habita
1289 1959 1381 2008 sexta

273 2037 418 2118 synodus,
440 2039 473 2104 ἐν
485 2045 527 2124 τῷ
538 2039 666 2126 οενρὲτρ)
682 2045 738 2105 τοῦ
752 2043 842 2103 θείου
855 2042 1002 2102 παλατίον
1015 2043 1058 2121 τῷ
1069 2037 1218 2118 λεγομένῳ
1232 2031 1381 2118 τροιίλλρι,

272 2133 309 2182 at
329 2121 442 2184 habent
466 2128 542 2185 Acta
562 2126 698 2186 eiusdem
715 2125 841 2207 synodi3
864 2125 945 2207 qnod
962 2123 1085 2205 quidem
1098 2123 1262 2181 triclinium
1276 2140 1293 2179 a
1308 2122 1381 2178 hla-

274 2211 354 2268 cario
370 2213 529 2291 Ancyrano
545 2210 654 2272 dicitur
667 2213 761 2271 fuisse
779 2206 862 2284 οίιιος
879 2204 1050 2292 περιφανής
1066 2207 1099 2270 iv
1115 2211 1198 2292 ιιαλῷ
1215 2210 1276 2267 τοῖν
1292 2207 1382 2286 βασι-

273 2293 353 2356 ttae
372 2299 435 2357 ΚΠ
452 2297 586 2382 παλατίρι
609 2297 754 2376 κείμενος.
799 2296 927 2355 basilica
948 2304 1137 2373 nuncupatur
1158 2293 1196 2352 ab
1215 2293 1381 2350 Anastasio

273 2380 564 2460 bibl.inAgathoue
577 2385 637 2442 PP.
650 2403 681 2463 p.
697 2382 750 2449 54.
783 2382 977 2462 etpalatum
995 2383 1028 2438 in
1043 2383 1145 2438 Leone
1161 2397 1187 2437 11
1202 2397 1232 2459 p.
1247 2376 1299 2441 66·
1335 2377 1381 2434 ita

272 2465 311 2523 ab
337 2464 444 2525 eadem
466 2468 561 2546 figura
582 2467 706 2527 domum
727 2466 881 2550 quandam
904 2471 936 2526 in
959 2467 1041 2526 urbia
1056 2476 1216 2545 conspectu
1229 2457 1382 2543 τρούλλον

272 2554 397 2610 nomine
419 2549 561 2611 donatam
585 2555 688 2613 scribit
711 2557 774 2614 heo
798 2554 1016 2627 Grammaticus
1032 2572 1063 2631 p.
1077 2550 1150 2615 458.
1191 2548 1283 2608 tradit
1299 2550 1381 2606 Pro-

273 2638 377 2713 copius
401 2634 616 2717 hemisphaerii
638 2638 821 2698 testudinem
844 2649 966 2697 eatenus
982 2636 1019 2695 de
1031 2633 1177 2695 industria
1192 2652 1312 2693 sursum
1330 2644 1380 2692 te-

273 2724 362 2778 nuari
382 2741 417 2779 ac
436 2721 563 2781 deficere
584 2734 619 2782 ut
639 2744 695 2803 per
713 2726 809 2803 ipsius
824 2734 976 2803 aperturas
991 2724 1048 2781 lux
1063 2724 1154 2779 intret
1170 2719 1301 2777 affatim:
1325 2718 1382 2781 recl

277 2806 427 2868 διαλείπει
438 2803 472 2869 rd
486 2803 675 2888 οἰκοδόμημα
686 2805 762 2869 κατὰ
775 2804 881 2889 βραγιί,
895 2808 1062 2887 ἐξεπίτηδες
1073 2804 1253 2887 παρειμένον
1264 2808 1381 2866 τοσοῦ-

274 2911 330 2951 τον
355 2886 429 2953 ὅσον
450 2888 522 2967 τοιίς
545 2888 674 2975 χοίρους,
697 2885 735 2956 od
748 2891 787 2971 δή
800 2890 835 2957 rd
848 2892 1032 2979 διγρημίνον
1045 2896 1101 2972 τῆς
1113 2891 1287 2969 οἰκοδομίας
1302 2891 1382 2971 ξυμ-

274 2975 377 3055 βαίνει
396 2970 490 3053 είναι,
520 2978 651 3060 φέγγους
670 2980 802 3057 διαρνῶς
822 2973 958 3063 α’γαγοιίς
978 2972 1066 3039 εἶναι.
1109 2996 1174 3035 rem
1194 2974 1380 3052 mirandam,

275 3064 376 3141 inquit
393 3062 598 3140 silentiarius,
620 3068 729 3123 intueri
746 3065 834 3139 licet,
857 3074 891 3124 ut
913 3064 1030 3122 inferne
1055 3064 1144 3121 latior
1166 3062 1279 3120 sensim
1301 3060 1381 3119 deli-

276 3149 353 3222 ciat,
384 3157 415 3208 et
436 3150 469 3207 in
491 3150 595 3208 orbem
616 3150 711 3210 veluti
734 3151 854 3209 caelum
881 3150 1074 3209 convolvatur
1091 3144 1226 3221 testudo,
1255 3148 1380 3227 part-2

273 3250 305 3289 r.
325 3235 386 3297 782

438 3314 500 3381 ίοτι
517 3312 548 3380 d'
560 3318 637 3382 ἰδεῖν
652 3316 727 3401 μίγα
738 3314 878 3401 θάμβος,
901 3312 983 3391 ὅπως
995 3312 1071 3379 card
1087 3311 1176 3397 βαιὸν
1193 3315 1286 3380 torre

439 3395 581 3483 ιιίροιίρη
597 3401 652 3481 μίν
668 3404 811 3485 ἔνερθεν,
832 3399 951 3488 ὕπερθε
969 3400 1002 3467 dl
1018 3407 1104 3484 μεῖον
1118 3396 1248 3486 οίνίρπει,

440 3484 482 3559 νίς
491 3481 586 3561 πόλος
596 3481 782 3567 ήερὸφοιτος.

273 3573 318 3630 ita
340 3571 433 3629 etiam
457 3569 618 3650 Agathias,
639 3574 693 3631 ubi
713 3573 752 3632 de
769 3570 1008 3654 hemisphaerio:
1030 3572 1082 3635 sul
1095 3569 1218 3653 γέγονεν
1230 3569 1381 3633 ἐντεῦθεν

274 3652 398 3731 είιιότπς
411 3652 552 3738 ίθιίτερος
565 3655 621 3737 μὲν
633 3656 684 3720 aet
699 3652 916 3737 εὖεπίοτροφος
928 3658 981 3722 nul
993 3653 1185 3737 πανταχόθεν
1200 3660 1240 3741 τῇ
1252 3656 1382 3741 γραμμῆ

274 3736 433 3819 dirodina,
454 3736 630 3826 στενότερος
651 3740 685 3805 dl
706 3744 759 3806 οιαὶ
780 3738 921 3824 ὄξντινής
935 3742 986 3807 καὶ
1001 3738 1066 3817 οίος
1079 3737 1136 3822 οιίγ
1152 3736 1232 3805 οὕτω
1247 3743 1316 3802 λίαν
1330 3741 1380 3803 ἐν·

273 3822 415 3908 πλήττειν
435 3823 507 3902 τούς
526 3828 702 3910 θιοιμένονς
724 3826 767 3901 cic
787 3823 899 3903 ποίλαι,
919 3833 1021 3913 πολλῷ
1035 3826 1068 3889 dl
1082 3822 1165 3907 ‘dunc
1178 3824 1270 3888 πλέον
1284 3824 1318 3888 ἐν
1331 3826 1381 3911 τρῖ

274 3907 405 3990 ἀσφαλεῖ
420 3910 590 3994 βεβηκέναι.
632 3916 675 3972 ita
689 3925 791 3973 autem
805 3918 917 3974 sensim
929 3923 1069 3973 tenuatur
1084 3924 1114 3971 et
1129 3911 1230 3971 delicit
1243 3908 1379 3985 testudo,

272 4009 307 4057 ut
328 3998 458 4077 cymbali
478 3998 605 4077 figuram
626 4000 749 4079 effingat
769 4008 799 4058 et
819 4002 1010 4079 ιιομβαλιιιολς
1031 4000 1170 4057 circinata
1194 4000 1246 4072 sit,
1276 4006 1312 4054 ut
1330 4006 1380 4055 ast

273 4082 354 4164 apud
378 4086 588 4163 Anonymmn:
609 4087 653 4145 sic
672 4088 753 4143 enim
770 4084 900 4145 secundo
918 4094 1101 4143 exstructam
1116 4080 1231 4162 prodit,
1253 4099 1293 4138 ne
1308 4100 1380 4139 rur-

273 4190 341 4228 sum
358 4168 493 4244 cnderet,
516 4170 570 4233 ἰ’να
587 4168 629 4250 μή
645 4165 738 4233 ποίλιν
751 4168 862 4250 ταχίιος
874 4168 971 4233 πέσοι.
1013 4186 1091 4248 quae
1113 4166 1237 4249 quidem
1258 4175 1378 4225 cetera-

274 4276 340 4315 mm
354 4256 514 4316 tnrllarum
526 4257 577 4315 rel
588 4254 740 4315 tholorum
760 4256 858 4317 forma
881 4257 972 4315 stiam
991 4253 1065 4329 fuir,
1087 4264 1121 4312 ut
1132 4272 1242 4331 nempe
1256 4250 1378 4310 inferne

277 4342 396 4403 latiores
418 4344 531 4403 sensim
550 4344 583 4401 in
604 4339 765 4424 sphaeram
787 4340 957 4403 desinerent
981 4350 1070 4422 atque
1087 4336 1162 4400 adeo
1179 4338 1228 4401 ori
1244 4336 1378 4398 formam
