3017 4900
411 266 951 394 1οοεοεεεεοκοοευοεοεκ
1161 323 1235 398 roa

99 485 199 544 feria
224 488 246 550 ὃ
269 483 408 566 Crispum
430 487 464 544 iu
484 486 627 546 alericum
645 482 816 546 detonsum·
857 487 973 548 noum
987 483 1048 552 hoo
1063 499 1110 552 eti
1125 487 1236 554 codam
1250 500 1273 554 P
1289 501 1325 559 61

101 591 205 630 anuo
222 571 305 646 612,
326 569 432 634 ludier.
449 573 467 636 1
485 571 548 630 iam
564 568 715 630 inchoata.

211 675 245 734 Ρ.
257 656 278 716 7
292 675 322 714 ε.
337 654 388 720 14.
430 653 451 732 o‘
465 653 572 730 αιάκας
586 655 743 738 Κρλσκος]
767 653 954 716 ολιιεττιοάο
964 654 1041 717 haee
1053 659 1236 739 appeliatio-

105 742 165 799 nis
185 741 332 799 formula.
374 759 487 821 papam
500 750 605 817 vocat,
627 751 660 800 ut
680 744 802 820 opinor,
827 741 910 824 quod
926 744 962 800 in
977 744 1120 804 alarinum
1132 755 1234 808 anou-

108 845 169 884 sus
188 835 281 884 esset.
326 825 441 908 alioqui
453 827 526 888 solis
540 826 730 907 pontifioibus
743 846 841 906 papae
851 846 964 888 nomeu
976 828 1162 890 attributum.

208 907 252 968 ib·
268 930 298 968 v·
312 913 363 974 19.
406 906 440 974 τά
464 905 627 994 λεγόμενον
648 915 706 993 τῆς
726 905 858 994 Χάρας]
875 913 1035 994 proprium
1052 933 1165 974 nomen
1185 925 1233 977 est

109 988 233 1074 χώρας.
277 993 448 1055 Cedranus:
469 1002 555 1060 τιοιεῖ
575 987 633 1060 οὖν
653 991 750 1060 odedu
771 997 933 1080 κληρικάν,
953 997 1006 1061 καλ
1029 997 1063 1062 λυ
1085 1002 1126 1083 τῇ
1147 1003 1231 1085 μονῇ
1304 1068 1313 1090 .

110 1084 174 1157 τῆς
189 1073 303 1159 Χάρος
317 1079 494 1162 περιορίζει,
515 1091 551 1144 ut
565 1091 596 1141 et
607 1080 689 1161 apud
702 1082 889 1162 Synoeilum·
931 1080 992 1143 hoo
1005 1094 1052 1143 est
1063 1085 1098 1143 in
1114 1084 1231 1144 Chorus

18 1215 19 1218 ,
112 1167 303 1222 mnesteus
326 1164 452 1224 claudit.
497 1186 554 1226 neo
579 1177 660 1226 recte
688 1166 846 1246 Xylauder
871 1168 970 1230 solum
995 1179 1107 1228 vertere
1133 1169 1226 1230 utu.

111 1246 329 1327 Theophanes
345 1252 379 1308 io
394 1270 422 1310 a.
438 1255 458 1317 3
473 1252 656 1332 copronymi
664 1255 848 1312 'monasterii
864 1249 956 1313 huius
971 1255 1122 1316 meminit.

16 1329 18 1336 ’
207 1355 240 1413 Ρ.
256 1335 318 1396 8ο.
330 1337 362 1398 2.
406 1335 450 1409 εἰς
459 1340 622 1417 κληρικοῦ]
648 1334 791 1418 Theoph.
803 1358 831 1397 a.
845 1335 866 1400 4
878 1337 1011 1399 Phooae.

206 1418 250 1476 ib.
268 1440 299 1478 v.
314 1423 345 1483 7.
387 1415 488 1502 ὄλλγου
503 1419 538 1484 δὲ
552 1418 682 1502 χρόνον]
705 1442 785 1482 auno
801 1425 932 1482 Heraclii
944 1426 968 1488 2
979 1423 1107 1484 moritur
1120 1419 1230 1482 Eudo·

16 1565 19 1582 ,
117 1505 184 1580 oia,
209 1507 255 1590 uti
269 1505 401 1566 scribunt
415 1504 569 1566 cedrenus
583 1518 614 1566 et
629 1504 853 1587 Theophanes,
875 1511 929 1589 qui
943 1507 1025 1568 diem
1037 1519 1129 1589 atque
1140 1506 1230 1568 indi·

16 1588 20 1620 ³
118 1593 254 1652 ctionem
275 1587 415 1668 adnotat,
437 1594 568 1670 Augusti
584 1588 639 1666 14,
661 1591 768 1651 Indiot.
783 1593 836 1656 15.
878 1592 1005 1672 proinde
1020 1613 1049 1652 a.
1063 1595 1141 1668 612,
1163 1612 1228 1652 non

118 1673 328 1750 antecedenti,
351 1685 386 1735 ut
406 1696 566 1756 perperam
579 1674 811 1759 chronographi
852 1682 1000 1738 consentit
1016 1678 1109 1737 Alex.
1127 1675 1227 1738 chro-

119 1763 233 1836 nicon,
255 1757 339 1842 quod
354 1759 395 1820 ad
408 1761 609 1821 indictionem
623 1765 745 1838 attinet,
768 1782 827 1822 neo
844 1760 882 1839 de
899 1762 947 1822 dia
962 1763 1096 1822 multum
1110 1761 1226 1824 diaere-

120 1857 193 1923 pat:
222 1850 262 1930 τῇ
292 1839 326 1948 ry'
355 1849 412 1910 τοῦΙ
437 1840 617 1928 Αδγοάστου
634 1843 745 1928 μηνός,
775 1852 831 1929 τῆς
851 1841 946 1930 adreio
966 1845 999 1911 ιε’
1019 1841 1225 1924 Ίυδικτιοῖυος,

17 1945 26 1986 t
120 1928 220 2014 ἡμέρᾳ
241 1953 354 2016 κρωτῃ.
404 1932 432 1991 si
452 1933 582 2010 Augusti
605 1935 663 2007 13,
692 1929 843 1992 dominioo
863 1931 913 1992 die
935 1933 1026 2009 obiit,
1053 1934 1144 2012 plane
1165 1930 1226 1992 hoo

20 2017 28 2064 ³.
122 2035 201 2073 anno
222 2018 301 2090 612,
325 2016 410 2096 oyolo
427 2017 499 2076 solis
513 2016 552 2092 5,
575 2016 662 2076 litera
681 2013 796 2076 domin.
815 2020 854 2077 A.
896 2019 951 2099 qui
969 2037 1050 2078 anno
1070 2019 1225 2098 superiore

121 2111 272 2161 mortuam
284 2102 370 2159 iilam
384 2102 533 2176 scribunt,
554 2100 602 2160 bis
617 2121 685 2162 earn
694 2105 847 2181 peperisse
861 2123 926 2162 non
938 2099 1225 2180 animaduerterunt,

20 2221 29 2265 ρ,
123 2203 222 2264 neque
240 2196 308 2244 ante
324 2187 483 2247 Octobrem
498 2189 570 2244 anni
582 2187 644 2252 610
658 2189 797 2246 Heraclio
808 2189 957 2268 nupsisse.

21 2270 26 2280 '
207 2290 238 2347 Ρ.
255 2274 275 2333 9
290 2291 318 2331 v.
333 2275 364 2336 7.
405 2267 439 2334 εδ
454 2265 607 2351 άμφίυον]
631 2269 812 2332 schedarum
822 2293 934 2352 punam
943 2281 1050 2351 putam
1063 2271 1226 2332 lectionem

23 2417 27 2429 ¹
124 2357 341 2432 expressimus,
363 2357 420 2415 etsi
433 2375 495 2414 uon
511 2353 683 2417 dubitamus
696 2359 770 2438 quin
783 2353 902 2438 άμφιου
916 2353 1159 2417 substituendum
1172 2357 1225 2416 sit.

24 2434 27 2445 “
125 2459 182 2519 qua
198 2460 270 2499 voce
287 2443 366 2500 inter
380 2452 493 2501 eeteros
508 2461 584 2501 usus
598 2453 643 2503 ast
658 2445 808 2505 Macarius
823 2445 913 2501 Hom.
928 2443 965 2505 1:
988 2438 1041 2503 καλ
1054 2433 1225 2527 άμφιασῆ

124 2524 155 2587 ἐκ
169 2528 221 2605 τῆς
235 2523 381 2605 θεότητος
393 2523 509 2608 άρρητα
527 2524 628 2606 άμφια
638 2521 786 2608 ου’ραυλου
799 2525 940 2599 κάλλους.

19 2676 22 2691 .
204 2609 245 2669 ib.
263 2632 293 2670 v.
309 2614 359 2675 16.
403 2608 445 2691 μή
467 2611 554 2689 δλκης
572 2607 685 2691 texto]
713 2622 743 2671 et
767 2610 818 2671 hio
839 2622 870 2673 et
889 2611 963 2670 alibi
976 2610 1092 2689 passim
1104 2606 1227 2667 defecta.

17 2697 23 2709 '
123 2696 234 2774 aliquot
257 2697 413 2777 particulis
436 2714 471 2757 aa
492 2695 610 2775 ooprdis
628 2698 733 2759 oratio.
782 2694 816 2755 id
837 2694 920 2779 quod
940 2696 1039 2757 semel
1057 2692 1222 2753 admonere

122 2781 192 2839 satis
210 2789 264 2837 est.

17 2847 23 2865 ¹
204 2884 234 2941 Ρ.
250 2865 291 2928 10
305 2882 334 2921 ε.
349 2867 379 2927 1.
420 2856 475 2925 τδυ
490 2863 697 2943 Βουτρλῑνον]
718 2867 836 2925 variant
856 2862 987 2923 schedae
1005 2865 1038 2922 in
1058 2858 1150 2923 huius
1162 2882 1222 2921 no-

124 2948 209 3007 minis
224 2951 398 3027 scriptione,
420 2948 585 3007 utnesoias
599 2949 841 3008 Vitulinusuean
853 2950 1018 3008 Betulenus
1031 2957 1082 3005 ant
1096 2948 1222 3008 Vetula-

17 3040 18 3049 *
125 3036 295 3093 uusLatiue
310 3030 445 3115 quadret.
489 3034 600 3112 quippe
613 3034 638 3090 B
653 3034 774 3093 literam
786 3035 868 3093 varie
882 3033 1030 3093 aetasilla
1042 3034 1221 3113 pronuntia-

16 3108 20 3141 ³
124 3122 182 3195 vit,
203 3116 239 3177 de
255 3137 315 3200 qua
330 3138 362 3177 re
375 3117 450 3177 alibi
464 3114 694 3197 disputavimus.

202 3203 242 3263 ib.
262 3225 293 3263 τ.
311 3203 342 3266 4.
383 3198 556 3285 Ἡράκλειος
568 3199 601 3265 δὲ
615 3199 665 3267 τάν
677 3198 768 3281 vido]
790 3198 995 3283 Theophanes
1016 3199 1067 3280 (Ρ.
1079 3195 1144 3263 245
1158 3197 1219 3279 C):

16 3290 17 3313 ¹
124 3284 215 3353 ιοάιοτ
234 3293 275 3351 τῶ
296 3288 355 3351 ἔτει
375 3286 449 3368 paui
468 3282 638 3372 Ὀκτωβρίρε
655 3282 690 3365 δ’,
712 3288 770 3351 tot.
789 3282 826 3365 α’,
848 3286 981 3365 insipie
997 3278 1179 3363 Tuscenium
1195 3280 1221 3367 ἤ

17 3370 21 3441 f
125 3350 263 3457 θυγάτηρ
272 3372 449 3453 Ἡρακλείου
461 3368 524 3435 tei
538 3375 667 3455 Σεργλου
679 3368 865 3455 πατριάρχου
876 3364 1043 3453 Αάγοάστα
1060 3368 1095 3432 ἐν
1108 3372 1153 3453 τῷ
1169 3362 1221 3432 ad-

16 3454 20 3493 i
125 3462 228 3543 κτηρλω
252 3464 307 3523 τοῦ
331 3456 421 3541 άγλου
443 3454 605 3537 Στεφάνου
628 3458 661 3523 λυ
683 3464 729 3545 τῷ
745 3459 893 3525 mimia.
932 3460 974 3519 τοῖ
993 3452 1027 3518 δὲ
1041 3456 1219 3538 Δεκεμβρίῳ

127 3544 193 3626 puri
210 3520 263 3620 λε’,
282 3548 322 3693 κρῖ
343 3537 384 3608 oui
409 3547 423 3563 ”
444 3538 547 3629 στράτῃ
570 3542 646 3621 λεδ,
668 3542 805 3623 λστὲφθη
822 3538 993 3625 Ἡράκλειος
1011 3564 1028 3605 ο
1047 3538 1220 3641 υίοςᾚρα-

127 3630 218 3693 sirion
239 3620 257 3693 ὃ
278 3652 363 3705 νος,
434 3629 491 3692 καλ
509 3634 755 3706 Κυυσταυτῖυος,
785 3623 848 3692 tet
871 3630 999 3709 Σεργὶοο
1020 3647 1218 3706 πατριαρχου.

128 3727 157 3775 at
176 3712 281 3775 chron.
298 3716 391 3774 Alex.
405 3711 609 3794 Epiphaniam
626 3726 798 3775 coronatam
822 3714 927 3775 asserit
946 3710 1055 3771 eedem
1071 3708 1179 3769 Indiot.
1196 3716 1213 3773 1

17 3798 20 3831 ⁶
129 3812 156 3861 et
167 3803 224 3863 Oet.
237 3797 273 3876 4,
294 3800 370 3860 feria
384 3796 423 3875 4,
444 3796 499 3860 sed
513 3801 740 3861 Constantinum
758 3802 879 3859 nonnisi
894 3818 973 3859 anno
988 3797 1126 3877 sequenti
1141 3798 1215 3871 613,

128 3888 246 3947 ianuarii
264 3890 321 3961 22,
344 3886 421 3944 feria
438 3890 470 3950 2.
512 3889 680 3947 necessario
703 3907 739 3945 eo
763 3883 846 3966 quod
862 3884 928 3944 dixi
943 3902 1040 3956 anno,
1062 3882 1146 3960 oyolo
1163 3899 1215 3940 so·
1332 3887 1335 3891 “

17 4038 18 4043 ,
129 3974 164 4033 lis
177 3976 209 4047 6,
226 3972 306 4030 liter.
323 3970 404 4031 dom.
421 3972 459 4031 G.
503 3990 544 4031 ex
566 3990 626 4051 quo
649 3971 697 4031 die
717 3975 749 4031 in
770 3974 844 4029 actis
863 3968 993 4029 adsorihi
1007 3970 1105 4046 coepit
1118 3985 1215 4025 annus

130 4059 231 4137 primm
243 4059 375 4117 Heraclii
384 4058 522 4117 iunioris.
566 4054 617 4117 hio
632 4058 715 4117 loeus
730 4058 802 4137 quia
817 4053 857 4114 ad
867 4054 958 4114 huius
972 4052 1114 4113 historiae
1129 4046 1218 4132 διάρ·
1331 4079 1335 4091 =

17 4153 19 4213 Γ
131 4149 236 4225 deutur
256 4162 440 4223 magnopere
457 4144 603 4222 pertinet,
634 4140 684 4201 hic
705 4140 920 4215 subiicieudus·
962 4138 1015 4203 καλ
1039 4132 1096 4201 άετ’
1120 4130 1216 4214 aderio

16 4222 18 4257 ²
133 4232 180 4307 τῆς
194 4221 237 4309 ιβ’
255 4232 311 4293 τοῦ
328 4222 514 4313 Ἰαυοοαρλου
535 4224 633 4311 pundo
653 4224 803 4311 ἐπετράπη
820 4223 996 4310 γράφεσθαι
1015 4218 1089 4305 μετά
1107 4216 1142 4284 εδ
1159 4214 1216 4298 (λυ

16 4312 17 4318 ’
134 4306 267 4399 ὀνόματι)
290 4313 441 4397 βασιλάας
457 4318 518 4378 τάν
537 4306 703 4381 θειοτάτων
723 4312 813 4397 ἡμῶν
832 4315 985 4379 δεσποτῶν
1001 4306 1053 4374 καλ
1068 4306 1216 4391 μεγίστου
