3017 4900
260 883 559 981 GAROLI
600 887 698 980 ΠΙ]
741 889 1030 984 FRESNE

181 1053 540 1148 DOMINI
609 1055 724 1152 DU
797 1057 1105 1156 GANGE

423 1233 868 1308 nucerino.

545 1413 747 1430 ,Ἥ

100 1533 191 1644 cnm
218 1569 325 1634 effecta
351 1575 414 1636 ism
439 1583 518 1637 esset
545 1585 576 1636 et
603 1571 645 1636 ad
666 1571 847 1640 umbilicmn
866 1572 1012 1658 perdocte
1035 1573 1196 1635 volrnninis
1211 1575 1235 1631 P
1250 1573 1302 1633 tot
1366 1536 1372 1546 Ι

97 1694 181 1758 istius
195 1689 231 1775 *)
248 1691 358 1772 edific,
379 1706 546 1778 opportune
558 1695 695 1778 pervenit
709 1697 743 1758 iu
754 1713 864 1756 monus
874 1714 959 1755 mess
970 1695 1077 1776 templi
1088 1695 1123 1756 S.
1134 1695 1196 1756 So·

99 1811 186 1894 phlse
208 1812 370 1896 bppcosr,
390 1834 409 1874 e
427 1815 524 1878 Panlo
547 1815 719 1876 silentiario
740 1815 873 1876 carmine
891 1811 1014 1876 heroico
1032 1823 1062 1873 et
1077 1815 1197 1894 perele-

99 1933 180 2012 ganti
202 1943 343 2012 ueram,
370 1951 463 2016 quam
482 1931 623 2018 quidem,
650 1935 722 1996 licet
742 1931 783 1994 ed
802 1930 961 1994 historiem
984 1934 1198 1994 comnenicsm

99 2053 196 2114 minus
219 2053 371 2134 pertinere
392 2054 447 2114 illa
466 2049 621 2132 videatur,
653 2053 965 2114 commentatiunculis
983 2053 1051 2114 istis
1067 2053 1198 2114 interae·

100 2192 162 2232 rere
176 2168 263 2232 hnud
279 2171 413 2232 eliennm
425 2174 542 2255 putavi.
583 2191 657 2232 nam
673 2181 885 2256 praeterquam
904 2169 988 2256 qnod
1005 2172 1200 2254 scriptoribus

100 2291 151 2374 qui
172 2311 221 2352 res
243 2291 426 2372 Byzantinus
446 2292 634 2354 illustrarunt
655 2293 770 2354 Paulus
792 2301 983 2370 accensetur,
1013 2288 1201 2374 proludeque

100 2429 140 2473 ex
161 2430 268 2473 eornm
290 2411 385 2473 classe
405 2421 451 2473 est
472 2413 526 2497 qui
540 2413 651 2494 Regios
665 2421 754 2500 typos
770 2420 962 2495 exspectant,
987 2420 1053 2471 tum
1064 2409 1201 2469 maxime

100 2550 162 2591 rem
185 2530 348 2591 lectoribus
370 2528 535 2593 iucundum
558 2529 684 2614 perinde
707 2552 743 2593 ac
764 2532 872 2594 utilem
891 2532 1042 2593 iacturum
1060 2549 1110 2589 me
1131 2548 1201 2589 sum

101 2650 244 2730 confisus,
265 2650 294 2711 si
308 2651 456 2711 eximium
468 2648 551 2711 istud
563 2657 691 2733 points,
712 2650 859 2733 cpoleos,
880 2652 965 2712 cuius
978 2646 1133 2731 Sophiona
1146 2667 1201 2707 ee-

103 2766 154 2830 des
176 2768 373 2851 praecipuum
397 2768 474 2839 olim
491 2768 551 2830 tuta
572 2780 678 2855 estque
696 2766 789 2831 hodie
811 2780 1038 2846 ornamentum,
1064 2764 1200 2829 Bondel-

103 2890 274 2949 montiense
298 2884 491 2970 descriptioni
508 2884 560 2971 **)
590 2886 798 2971 adiungerem.
846 2886 926 2949 hano
946 2900 1048 2949 entem
1063 2888 1200 2948 celeber-

103 3008 169 3067 rimi
184 3008 292 3088 templi
312 3004 477 3090 lappoosv,
497 3018 620 3070 curante
638 3010 805 3071 clarissimo
825 3008 891 3073 viro
912 3010 1044 3071 Antonio
1057 3008 1096 3067 cle
1113 3008 1201 3087 Vyou

102 3127 145 3188 D.
164 3126 370 3199 d’Herouvul,
389 3126 422 3185 in
442 3146 561 3189 camera
583 3140 795 3211 computorum
812 3127 975 3187 Parisiensi
986 3126 1138 3202 auditore,
1159 3122 1201 3184 ad

102 3264 149 3307 mc
162 3245 330 3309 trununisit
344 3265 386 3305 ex
399 3266 454 3309 sua
469 3244 678 3330 depromptam
696 3245 880 3309 bibliotheca
895 3256 926 3305 et
938 3247 1043 3327 magni
1057 3245 1200 3307 Solmusii

101 3384 190 3429 menn
208 3386 250 3429 ex
265 3364 403 3427 nanum
423 3382 503 3428 anno
523 3372 604 3435 1607
623 3366 805 3449 descriptam
823 3366 871 3427 vir
885 3366 1090 3447 amplissimus
1100 3363 1201 3424 Phili-

101 3483 200 3547 bertns
216 3484 255 3546 de
275 3484 309 3545 lo
328 3488 434 3561 Mene,
460 3497 581 3549 senator
597 3488 807 3565 Divioneneis,
828 3486 868 3550 ob
890 3485 1077 3567 singularem
1097 3483 1201 3545 erudi-

101 3606 212 3665 tionem
230 3602 356 3686 perinde
378 3626 417 3667 eu
431 3607 512 3669 vitae
532 3608 736 3689 integritatem
755 3605 950 3682 notissimus,
971 3624 1008 3664 ao
1024 3604 1201 3685 praesertim

102 3722 225 3785 literatis
246 3725 404 3803 omnibus,
429 3726 539 3808 quibus
557 3746 709 3809 pronuper
728 3722 866 3787 eiusdem
882 3724 1024 3785 Salmasii
1039 3722 1203 3805 opusculo-

104 3861 168 3902 rum
185 3853 396 3925 postumorum
412 3842 553 3907 editionis
573 3864 661 3927 spem
679 3845 798 3925 iniecit,
825 3840 880 3926 qui
901 3836 1028 3902 huiusce
1054 3840 1202 3920 elegantis

103 3964 247 4040 poematis
260 3974 404 4047 excerpta
417 3966 533 4051 eliqnot
546 3965 608 4025 iem
623 3974 712 4026 anteo
727 3964 761 4025 in
775 3963 922 4025 Plinionis
937 3960 1203 4023 exercitationibus

167 4224 198 4294 ³)
231 4240 286 4297 quc
307 4222 450 4277 cinnanos
469 4220 620 4277 continetur
636 4237 694 4277 curn
710 4218 842 4291 Ducangii
857 4218 887 4273 in
903 4234 963 4273 enm
979 4223 1008 4273 at
1022 4216 1202 4289 Nicephorum

105 4308 261 4381 Brycunium
278 4310 434 4382 donumque
449 4308 610 4364 &mnenon
625 4308 696 4363 notis
712 4306 848 4363 historicis
865 4315 893 4361 et
908 4302 1083 4378 philologieis.

166 4396 214 4469 '⁸)
248 4414 278 4454 r.
297 4394 467 4469 Niccplom
482 4392 633 4468 errantes
650 4413 679 4469 p·
697 4394 861 4453 tit-tta.
