3017 4900
522 344 766 449 PRAEFATIO.
1153 402 1223 453 xru

111 566 230 609 norem
242 566 284 607 ex
296 546 414 625 integro
425 544 595 606 versionem
606 547 762 607 instituere
777 543 906 609 decrevi.
930 547 986 609 red
997 568 1037 609 ne
1048 548 1221 613 videremur

111 652 229 711 nostrie
246 651 377 709 nimium
394 646 574 726 pleudentee
593 650 693 707 aliena
712 652 901 731 vituperare,
938 672 955 709 e
973 656 1096 731 regione
1117 664 1221 716 textor

112 753 328 813 Morellianam
349 753 557 829 opposuimus,
591 762 727 811 norum
745 756 900 829 autemin
922 772 975 813 ora
994 766 1130 815 extrema
1149 756 1218 817 libri

114 856 317 928 subiecimus,
344 862 379 911 nt
402 871 494 933 quam
509 855 639 934 quiaque
649 854 737 913 malit
746 855 829 935 legat
844 866 874 915 et
888 866 1041 939 aequatur.
1084 877 1120 917 ac
1132 877 1219 921 mene

115 957 246 1040 quidem
256 966 359 1016 noetre
368 957 461 1015 etiem
472 966 537 1015 erat
545 956 648 1015 iambo
663 957 773 1016 iambis
793 956 936 1035 reddere,
959 957 1013 1017 red
1028 962 1117 1019 veriti
1130 980 1169 1020 ne
1184 958 1219 1021 id

116 1060 203 1144 quod
227 1062 302 1120 vitio
319 1060 463 1117 vertimur
483 1060 638 1133 Morellio,
671 1060 758 1119 nobie
779 1078 900 1141 quoque
920 1064 1054 1122 eveniret
1080 1060 1218 1137 (difficile

117 1167 203 1240 enim
222 1182 290 1223 eree
306 1163 446 1221 norimus
463 1160 583 1221 obrem-i
599 1166 707 1241 poetae
728 1182 832 1223 verene
848 1160 976 1221 totidem
990 1164 1125 1225 versibus
1139 1164 1219 1225 relle

118 1262 297 1343 declarare),
311 1262 422 1324 idcirco
435 1260 474 1321 de
486 1283 579 1325 remu
591 1274 621 1321 et
634 1266 666 1323 vi
678 1264 840 1325 verborum
853 1274 972 1325 tantum
984 1266 1105 1325 solliciti
1115 1266 1219 1347 penho

115 1370 293 1429 liberiorem
311 1366 496 1425 confecimus
516 1368 697 1426 versionem.
745 1368 877 1427 multam
899 1378 1002 1428 autem
1032 1386 1157 1448 opernm
1184 1370 1218 1427 in
1342 1410 1346 1417 -

117 1470 308 1531 Herae‘moo
323 1466 502 1528 fflmumdo
513 1469 746 1547 insumpsimus:
772 1480 888 1529 namet
900 1470 1218 1549 prolegomeneprre-
1313 1462 1317 1473 ’

116 1576 259 1631 minimae
270 1582 301 1629 et
313 1569 522 1631 adnotationes
536 1567 719 1647 adiecimus,
746 1580 781 1629 nt
799 1570 881 1653 quod
898 1573 1068 1631 maximnm
1082 1582 1127 1631 eat
1142 1592 1217 1652 opor

117 1672 258 1749 Pisidae,
283 1676 437 1753 integrum
454 1674 595 1733 exomni
612 1682 696 1751 parte
708 1670 845 1753 prodiret
859 1676 895 1735 in
907 1675 1024 1749 lucem,
1051 1694 1087 1733 ac
1101 1674 1218 1735 nullam

117 1778 212 1837 aliem
228 1778 437 1856 inposterum
460 1772 643 1835 desideraret
660 1795 786 1835 manum
807 1774 995 1835 adiutricem.
1037 1778 1071 1835 in
1087 1774 1218 1837 editione

118 1881 237 1937 Graeca
251 1878 385 1937 Brunelli
404 1887 521 1938 constat
539 1883 650 1957 poema
664 1878 773 1938 iambi·
794 1881 897 1955 1860,.
919 1882 952 1939 in
967 1880 1218 1939 Graeco-laetitia

117 1980 254 2041 Moreliii
270 1982 359 2045 1880.
400 1990 503 2039 nostre
521 1998 618 2060 aeque
640 1977 681 2039 cd
703 1984 785 2046 1910
804 2000 912 2041 versuo
929 1980 1071 2041 exhibet:
1100 1982 1218 2063 aliquo·

118 2084 205 2141 enim
224 2082 357 2141 cenerico
377 2082 452 2139 alibi
470 2084 596 2141 omieaoe
615 2091 646 2143 et
663 2079 822 2143 hincinde
837 2104 878 2145 ex
891 2083 1044 2145 codicibna
1059 2094 1218 2163 excerptor

119 2186 184 2243 onir
195 2183 271 2245 locis
283 2186 402 2245 mutui
417 2186 598 2245 curavimus.
638 2204 750 2265 neque,
773 2196 808 2247 ut
821 2186 957 2263 ridetur,
979 2184 1163 2267 sperandum
1173 2195 1218 2245 eet

119 2287 251 2367 amplius
263 2297 300 2345 ut
312 2290 347 2345 in
359 2290 507 2348 maiorem
518 2307 679 2347 numerum
692 2299 868 2350 excrescant
879 2286 914 2347 hi
925 2290 1053 2364 senarii,
1075 2289 1133 2347 etei
1145 2288 1217 2347 Soi-
1248 2296 1254 2305 ’

120 2388 177 2450 dae
185 2399 329 2468 tentetur,
360 2392 544 2472 uteuperiue
560 2388 758 2466 dictumest,
784 2392 937 2452 termille
958 2392 1032 2452 olim
1050 2390 1219 2451 constitiree
1271 2428 1274 2435 ·

117 2493 343 2566 Heeai‘rrrercn,
372 2505 403 2554 et
419 2495 559 2556 hebbeur
571 2516 609 2573 p.
626 2493 689 2559 885
709 2495 789 2553 Bibl.
810 2513 908 2553 novoe
927 2511 991 2554 mer
1010 2511 1051 2552 ex
1073 2493 1218 2570 (latalogo

118 2595 271 2675 Scipionis
283 2598 381 2656 Tertii
397 2607 545 2657 memoret
557 2595 679 2656 Pisidae
692 2598 922 2678 ssoemopoeiem
940 2607 987 2656 ter
1007 2597 1092 2658 mille
1112 2613 1217 2655 vereor

119 2699 382 2779 complectentem.
424 2719 500 2780 opue
514 2710 560 2760 eet
574 2700 679 2778 Sergio
694 2697 863 2778 patriarche
876 2698 1021 2761 euadente
1034 2708 1217 2778 eurceptrnn,
1280 2751 1289 2776 ,

119 2803 210 2881 eique
223 2802 321 2860 multa
337 2800 463 2862 laudum
476 2799 734 2862 commendatione
747 2799 892 2862 dicatum.
935 2801 968 2861 in
985 2821 1039 2877 eo,
1066 2801 1219 2862 subtecto

118 2904 223 2962 Procli
235 2905 374 2980 nomine,
394 2903 562 2964 Iohannem
574 2900 778 2980 Philoponum
791 2907 855 2983 peti
868 2906 903 2961 in
912 2913 1050 2962 mentam
1060 2903 1143 2962 venit
1156 2902 1221 2980 pri·
1327 2968 1331 2974 ,

118 3025 211 3064 mum
223 3006 338 3080 caveo,
356 3025 392 3064 ao
405 3005 516 3066 deinde
528 3008 621 3064 etiam
636 3002 773 3081 oudino,
796 3003 878 3086 quod
892 3023 911 3062 a
921 3004 1009 3064 nobie
1025 3004 1058 3062 in
1074 3003 1220 3081 Prolego-

119 3108 221 3165 menie
233 3107 323 3166 lanus
338 3108 533 3190 expenditur:
554 3107 610 3168 aed
627 3127 785 3188 perperam
807 3103 879 3164 inde
899 3108 965 3186 ipre
979 3106 1059 3164 Care
1079 3115 1109 3166 et
1125 3101 1222 3163 Oedi·

77 3214 84 3228 '
120 3229 180 3268 nne
194 3207 366 3269 iudicarunt
377 3209 461 3270 idem
473 3208 534 3270 hoc
552 3229 618 3270 eree
632 3229 710 3290 opur
724 3229 797 3268 cum
808 3213 965 3287 poemate,
997 3204 1080 3288 qaod
1093 3225 1112 3264 a
1125 3207 1221 3266 Geor-

121 3313 173 3390 gio
186 3322 290 3371 nostro
302 3309 421 3395 μέτροις
434 3305 569 3394 ἀρίστοις
580 3309 680 3392 ὥσπερ
694 3312 810 3376 riberto
821 3303 966 3392 γράφειν,
996 3319 1098 3369 contra
1112 3305 1220 3368 Philo-

120 3432 238 3493 ponum
258 3424 422 3473 exaratum
437 3433 503 3473 ene
522 3413 624 3493 prodit
635 3411 825 3493 Nicephorue
835 3409 890 3471 tib.
911 3415 949 3478 18
965 3432 992 3470 c.
1010 3411 1066 3476 48.
1105 3429 1177 3470 nam
1191 3420 1221 3470 et
1253 3435 1257 3444 ·

122 3534 239 3575 errasse
250 3513 454 3596 Nicephorum
475 3525 506 3573 et
523 3517 633 3576 falsam
648 3519 773 3591 omnino
793 3535 858 3576 eree
877 3517 1080 3575 coniecturam
1093 3535 1111 3573 e
1123 3516 1222 3573 Careo

122 3617 198 3678 inde
210 3622 334 3699 petitam
345 3637 422 3678 mox
434 3616 704 3706 demonstrabimus
714 3662 722 3695 ,
745 3637 816 3676 oum
825 3616 863 3676 de
875 3623 1015 3698 poemate
1028 3619 1061 3676 in
1080 3617 1223 3676 Severum

121 3739 261 3800 agemus.
304 3732 437 3782 cetertun
448 3719 568 3779 Pisidae
583 3721 782 3800 Coemopoeie
802 3728 865 3806 tota
886 3720 995 3782 referte
1015 3729 1060 3778 eet
1077 3721 1137 3798 piis
1152 3736 1224 3776 sen-

123 3826 243 3899 tentiis,
267 3825 383 3904 quibus
402 3819 442 3882 ad
457 3821 592 3882 divinam
603 3825 793 3882 maiestatem
804 3821 1069 3902 contemplandam
1080 3839 1121 3878 ex
1135 3819 1224 3880 robur

122 3929 231 3985 creatis
243 3945 333 3986 mene
345 3923 479 3984 humana
490 3927 625 3984 maxime
636 3926 771 4003 erigitur.
814 3925 959 4002 scripturn
973 3933 1028 3999 eet,
1049 3933 1083 3981 nt
1096 3920 1224 3996 videtur,

122 4026 186 4086 hoc
199 4048 273 4106 opor
288 4031 367 4088 eirca
380 4047 493 4088 annum
505 4029 578 4102 629,
600 4045 661 4107 quo
677 4037 812 4106 tempore
827 4027 982 4086 Heraclius
995 4021 1127 4085 arundo
1143 4023 1225 4083 bello

122 4127 264 4188 confecto
277 4133 341 4190 iam
354 4129 511 4191 Persidem
524 4128 692 4208 subegerat.
734 4130 778 4186 ita
800 4130 881 4186 enim
892 4125 995 4188 Pieida
1011 4128 1151 4206 Sergium
1169 4145 1225 4205 pro

121 4231 269 4290 Heraclio
282 4245 418 4294 orantem
431 4233 545 4294 inducit
558 4253 588 4291 v.
605 4229 702 4296 1845:
726 4229 778 4294 aet
793 4227 846 4304 tide
857 4226 913 4294 edo
925 4229 960 4295 ic
971 4234 1028 4294 coti
1040 4221 1228 4312 προσλαβὼ-

123 4329 212 4398 rard
227 4327 339 4418 κρότος
348 4332 405 4404 edo
416 4331 642 4419 κοσμοριὶσιην,
663 4327 718 4396 edo
731 4327 863 4413 διώκτην
876 4331 1046 4415 Περσίδος,
1066 4333 1180 4412 μᾶλλον
1193 4323 1228 4392 di

169 4443 269 4516 dmg.
292 4445 378 4500 rior.
585 4487 589 4492 .
1002 4435 1024 4495 2
