3017 4900
463 375 660 446 emnem
681 373 890 444 sonossns
913 348 941 444 ιζ
1016 317 1023 327 ’
1202 375 1254 448 ss

154 567 208 608 ros
231 554 315 606 tants
336 543 446 606 virtute
469 543 623 625 animique
641 544 807 604 constantia
825 539 953 619 devicit,
973 551 1009 602 ut
1026 541 1112 624 gravi
1127 542 1255 603 subere

154 643 291 712 accepto,
313 632 380 710 ipso
402 631 565 708 speciosior
582 630 727 708 sangssine
750 631 866 708 etipse
886 629 1020 709 periculo
1040 630 1138 688 factm
1154 647 1254 708 augu-

155 720 246 792 stior,
277 715 410 776 hostium
436 725 521 792 terga
547 713 721 794 praecidere
748 733 906 795 nunquam
934 712 1091 774 destiterit.
1133 717 1254 788 onena.

156 821 247 884 quem
267 802 378 860 latebat
400 801 500 860 Nouni
528 797 590 880 (46
611 796 674 880 56)
701 797 806 878 Ῥῆνος
827 792 1015 879 imprimo
1033 795 1256 878 dspsorouo'loe

154 891 286 1036 sosssgip
302 898 424 1030 etlpuae
437 885 702 1028 Gesner‘spsdattulit
714 883 752 944 ad
768 883 924 988 Clauditur.
939 885 1074 1032 Ἐξιιῖ
1097 888 1169 949 1111.
1178 970 1254 1030 νὴ.

154 1053 245 1118 ι...
261 991 528 1137 solimis?
542 1047 573 1117 ι
587 975 823 1136 distiti
836 993 962 1141 stu
974 993 1110 1139 stili:
1131 981 1162 1030 ⁰*

239 1141 292 1208 68.
335 1142 446 1201 confer.
461 1140 611 1200 Heraens.
628 1162 658 1202 r·
671 1143 733 1206 348
750 1153 779 1200 st
792 1162 856 1222 seq.

238 1231 290 1292 60.
335 1225 432 1286 codex
457 1228 491 1284 in
519 1227 655 1305 margine
676 1223 769 1287 habet
788 1226 905 1302 πάντας
927 1224 1096 1307 [arleff]-
1138 1224 1257 1285 inutilis

155 1309 342 1372 emendatio:
363 1333 436 1370 nam
449 1331 513 1372 vox
524 1306 639 1387 πάντας
652 1315 773 1392 respicit
785 1311 826 1372 ad
837 1307 956 1391 φύσεις.
1000 1308 1038 1372 de
1055 1312 1202 1372 seimonis
1223 1309 1256 1368 ri

155 1397 195 1458 ad
222 1418 270 1458 res
300 1415 493 1479 quascunque
522 1397 711 1460 exomendes
738 1396 966 1458 accommodata
987 1408 1091 1458 nocta
1109 1398 1202 1456 etiam
1222 1397 1257 1454 ιἰν

154 1482 301 1542 Abarnis
315 1505 345 1544 ν.
362 1485 421 1547 169
438 1493 466 1540 st
477 1502 538 1564 aeq.

240 1567 293 1632 64·
334 1566 429 1644 ludit,
451 1579 486 1626 ut
506 1576 604 1647 patet,
628 1568 663 1628 in
680 1565 773 1628 verbo
793 1559 940 1652 ypdprrs,
962 1564 1046 1649 quod
1063 1586 1160 1649 aeque
1179 1567 1256 1626 sori-

154 1652 226 1714 bcre
243 1673 278 1714 ao
291 1655 414 1735 pingere
430 1653 588 1732 significat.

239 1742 291 1802 66.
334 1749 454 1818 sumpta
466 1741 621 1800 occasione
633 1737 671 1796 sb
686 1738 876 1819 eloquentiae
889 1737 1042 1813 suauitate,
1064 1756 1159 1820 qnam
1172 1733 1210 1796 de
1223 1757 1257 1796 re

156 1841 335 1906 quecunque
353 1823 463 1884 diserte
478 1834 509 1882 et
525 1826 668 1883 concinne
681 1843 770 1903 posse
785 1821 886 1884 dicere
899 1834 980 1883 reete
993 1822 1142 1897 decernit,
1165 1824 1209 1887 ite
1221 1823 1257 1880 iu

155 1907 261 1970 laudes
276 1911 401 1969 Homeri
416 1911 563 1985 excussit,
587 1919 622 1968 ut
636 1929 707 1968 eum
720 1911 820 1988 potius
835 1920 937 1989 carpat
950 1929 986 1968 eo
1002 1911 1074 1989 quia
1088 1927 1177 1968 verae
1191 1909 1258 1966 rir-

156 1997 244 2070 ruris,
266 1996 364 2076 qualis
378 1991 503 2056 heroem
518 1992 619 2069 decet,
641 2013 703 2052 non
713 1991 854 2054 hebuerit
867 1995 1083 2073 cognitionem,
1105 1990 1259 2074 siquidem

156 2099 224 2139 eam
236 2099 327 2162 quam
341 2082 407 2160 ipse
421 2082 570 2140 Homerus
582 2076 706 2140 exhibet
719 2077 820 2138 herois
833 2082 1016 2160 imaginem,
1037 2091 1184 2160 tanquam
1196 2079 1259 2136 mi·

154 2184 214 2224 nus
229 2175 331 2245 aptam
344 2167 483 2226 Heraclio
499 2161 749 2246 repraesentando
763 2169 887 2246 respuit,
906 2176 937 2224 et
949 2185 1027 2246 quae
1040 2168 1081 2226 sit
1092 2167 1181 2228 unica
1193 2166 1258 2222 vir-

156 2259 208 2310 tus
230 2269 306 2332 quae
326 2253 426 2312 virum
446 2251 540 2312 facist
560 2253 723 2326 illustrem,
751 2270 890 2333 quaeque
908 2253 942 2310 in
963 2251 1102 2310 Heraclio
1121 2251 1258 2310 maxime

156 2338 279 2412 enitrit,
303 2339 438 2416 exponit.
481 2347 512 2396 at
532 2335 570 2397 de
592 2339 718 2396 Homeri
740 2336 882 2398 laudibus
905 2333 981 2418 quid
999 2345 1117 2416 oportet
1134 2333 1258 2395 dicere‘l

156 2418 269 2480 videsis
284 2423 464 2502 Dionysium
479 2423 741 2483 Helicamasseum
753 2422 791 2482 de
805 2443 935 2502 sempor.
949 2420 1032 2481 νννῦ.
1048 2425 1150 2485 tomi
1157 2442 1195 2500 p.
1205 2420 1259 2497 51,

157 2507 210 2588 qui
230 2510 397 2567 Homerum
417 2512 535 2569 vocavit
551 2504 694 2589 αορνφιίν
710 2502 857 2571 ἁπάντων
869 2506 924 2571 sel
940 2500 1073 2583 σκοπόν,
1094 2506 1126 2581 ἐξ
1142 2502 1180 2571 od
1192 2529 1260 2580 zue

155 2587 269 2667 odorae,-
281 2592 569 2671 ποιαμο1ιια1πσῖσα
581 2590 724 2657 θάλασσα
735 2593 788 2655 sul
800 2598 897 2656 πᾶσαν
909 2597 1028 2674 κρῆναι.
1072 2592 1190 2653 celebre
1202 2611 1261 2651 au-

156 2687 220 2737 tem
236 2688 283 2737 est
300 2676 399 2739 ovidii
414 2680 547 2759 elogium
560 2678 670 2739 Amor.
687 2682 708 2744 2
730 2681 750 2743 9
770 2677 829 2755 25,
851 2677 933 2761 quod
954 2698 1024 2737 cum
1044 2675 1167 2738 Pisidae
1189 2678 1261 2735 lau-

157 2760 245 2822 dibus
262 2763 436 2823 concordet:
464 2766 563 2824 adir'ee
583 2764 781 2839 Maeoniden,
800 2786 823 2824 α
845 2785 918 2846 quo,
939 2785 994 2823 ceu
1008 2763 1103 2844 sonu
1119 2764 1261 2843 pereuni,

156 2857 262 2907 mmm
277 2850 387 2909 Pieriis
403 2870 457 2909 ora
468 2852 610 2929 rigantur
619 2852 718 2929 aquis.

241 2936 293 2999 68.
335 2936 481 2995 iuvenum
499 2946 617 2994 mentes
640 2954 680 2995 ex
702 2935 827 2993 Homeri
847 2934 977 2993 lectione
999 2934 1041 2991 ali
1057 2944 1088 2993 et
1101 2931 1260 2993 fecundari

157 3016 278 3094 dicens,
300 3022 364 3079 eius
384 3024 524 3099 poirnata
546 3022 638 3079 etiam
651 3016 827 3079 Christianis
841 3021 876 3077 in
889 3016 1006 3078 deliciis
1016 3018 1128 3095 fuisse,
1149 3020 1183 3077 ni
1197 3018 1260 3077 fal-

155 3102 218 3181 lor,
241 3103 435 3166 demonstret.
1296 3096 1299 3104 ¹

240 3194 292 3255 70.
336 3192 464 3251 Galnton
483 3194 596 3274 pictor,
628 3192 757 3275 Aeliano
782 3190 857 3251 Ver.
881 3192 968 3251 Hier.
994 3192 1033 3253 18
1059 3192 1103 3253 22
1127 3197 1258 3262 anctore,

156 3274 323 3335 Homerum
352 3281 586 3357 repraesentavit
613 3278 761 3358 ipudore,
788 3272 860 3349 rode
883 3274 918 3340 dl
939 3274 1050 3349 ἅ11ονς
1069 3270 1260 3353 retardare}

156 3358 346 3441 ἒμημεσμὲνα
361 3358 562 3444 deuouisse&
584 3383 676 3445 quam
690 3365 838 3442 picturam
851 3363 954 3422 forsan
968 3364 1068 3420 innuit
1081 3369 1194 3420 noster.

242 3450 294 3509 72.
337 3452 503 3508 Homerum
517 3470 579 3509 non
592 3446 732 3509 habuisse
746 3449 912 3529 perlectam
923 3450 1043 3507 virtutis
1057 3448 1260 3525 coguitionem

158 3527 277 3589 videtur
295 3530 444 3595 adserere.
486 3536 588 3614 ipsum
609 3538 734 3595 virtutes
751 3553 814 3593 non
832 3532 1033 3614 seiungendsa
1050 3533 1162 3607 διτταῖς
1174 3532 1261 3614 μερί-

159 3617 299 3688 ζειν’τσῑν
316 3614 412 3700 λόγων
428 3617 563 3700 νοήμασι
585 3640 622 3679 ea
641 3619 680 3680 de
699 3640 790 3679 causa
808 3624 915 3700 opinor
933 3619 1026 3694 dicit,
1048 3618 1101 3677 rel
1118 3620 1205 3698 qnia,
1226 3627 1261 3675 nt

103 3774 108 3787 ι
157 3699 338 3761 Plutarchus
349 3704 403 3763 ub.
418 3705 456 3765 cle
466 3706 540 3765 aud.
551 3706 634 3785 poe't.
652 3710 709 3780 ait,
732 3701 784 3767 tsi
806 3704 863 3786 pls
882 3699 1008 3778 Ἰλιάδας
1028 3697 1172 3786 dadosius
1199 3696 1263 3763 σοι’·

157 3810 267 3867 ματος,
290 3783 342 3851 (1ιᾶ
363 3786 397 3851 dl
415 3796 471 3870 τῆς
488 3784 662 3865 Ὀδυσσείας
677 3796 781 3871 ψυχῆς
796 3786 993 3874 γενναιότητα
1006 3791 1153 3871 παριστᾷ,
1175 3797 1205 3845 et
1220 3787 1263 3845 sio

158 3873 299 3931 virtutem
318 3878 448 3935 activam
460 3896 479 3934 a
491 3878 721 3957 contemplative
735 3874 893 3955 disiungit;
916 3877 966 3935 vel
980 3877 1051 3955 quie
1065 3874 1167 3934 omnis
1182 3891 1261 3953 qnae

158 3956 249 4017 tradit
262 3962 413 4020 Homerus
427 3982 489 4023 non
498 3973 563 4021 tem
575 3960 615 4019 ad
625 3958 796 4041 mythicum
808 3980 941 4035 sensum,
955 3979 1049 4041 quem
1058 3960 1159 4018 statim
1171 3978 1262 4039 prae·

157 4040 273 4119 fersmt,
303 4064 397 4127 quam
419 4045 459 4106 ad
481 4046 615 4107 ethicum
635 4048 716 4107 intus
739 4048 885 4105 latentem
906 4048 967 4105 sint
989 4043 1207 4125 expendenda,
1228 4053 1263 4103 ut

157 4124 243 4183 idem
259 4130 441 4191 Plutarchus
459 4132 533 4192 ibid.
557 4143 588 4192 et
603 4135 757 4192 Maximus
770 4134 882 4212 Tyrius
891 4132 1024 4191 Dissert.
1041 4135 1081 4195 16
1096 4132 1263 4191 incidenter

158 4212 298 4291 probant.
321 4215 377 4275 sed
386 4220 485 4296 primo
499 4220 587 4277 uobis
600 4219 698 4297 magis
714 4216 833 4279 adridet
843 4219 992 4279 sententia
1004 4236 1099 4298 quam
1110 4219 1264 4275 Maximus

158 4296 328 4357 confirmat.
348 4354 351 4363 .
371 4306 509 4383 quamvis
529 4306 612 4363 enirn
627 4304 681 4361 ille
698 4304 866 4363 Homerum
879 4322 1070 4382 summopere
1084 4299 1264 4380 suspexerit,

159 4380 238 4443 illud
258 4394 362 4445 tamen
380 4385 499 4447 ridetur
516 4387 679 4449 concedere
697 4388 779 4471 quod
794 4389 897 4451 Pisida
913 4384 1122 4467 reprehendit,
1143 4384 1264 4443 nullum
1391 4452 1399 4468 Ι
