3017 4900
1192 303 1245 358 tu

139 494 385 581 pmieotmqui
402 503 489 575 im,
519 512 594 560 m
609 494 669 557 isis
690 488 819 561 Pbetlns
836 494 975 579 ΜΨ,
1005 518 1026 559 e
1045 500 1109 563 vita
1129 498 1244 567 disues-

141 647 223 701 seret
243 646 332 721 atque
352 630 387 701 is
407 630 522 735 abiero?
549 628 654 714 utlaio
673 632 826 719 loquitor,
848 630 909 699 hoo
925 646 974 697 est
994 648 1167 705 sanotorom
1185 663 1248 705 nn·

142 780 315 856 mero-:arar
331 768 503 858 alionum.
543 789 650 837 veruo
675 768 742 837 fieri
765 780 924 853 poteo-ut
942 770 984 846 sd
1003 771 1173 842 cunum
1190 782 1249 841 tti-

141 906 266 989 oephori
283 861 441 973 ¹rrroentior
468 908 523 971 ilie
550 926 660 973 manus
688 904 843 977 adiuuerit.
884 921 1038 997 ntonaqne
1066 932 1116 981 res
1142 911 1246 997 habet,

142 1042 223 1105 nihil
251 1064 318 1107 esse
345 1064 453 1105 oausse
480 1043 599 1107 videtur
632 1046 708 1129 quin
732 1042 919 1128 Nioepirorus
948 1058 1052 1111 noster
1076 1049 1249 1135 patriarcba

142 1184 196 1245 ille
222 1182 263 1244 sit
289 1181 343 1265 qui
374 1192 420 1243 est
445 1184 478 1242 in
505 1182 560 1243 illo
589 1180 737 1245 Ghronioo
766 1181 871 1245 ordine
892 1188 946 1252 78·
989 1183 1029 1246 de
1050 1206 1111 1271 quo
1130 1188 1247 1249 ibidem

142 1318 220 1383 haee
254 1317 443 1402 produntur:
487 1315 667 1403 Νικηφὸρος
699 1317 718 1387 ὅ
752 1312 918 1406 emoriere
951 1320 1083 1407 perezio
1113 1323 1246 1411 γεγονός

143 1456 195 1541 ’τῃ
215 1452 259 1524 θ’.
295 1454 348 1522 sui
375 1450 524 1538 ὃξιβλιὶθη
544 1450 608 1521 tui
628 1459 685 1521 soti
704 1448 838 1539 ἆσεβοῦς
856 1456 992 1536 Moe
1010 1464 1069 1525 rosi
1086 1455 1246 1546 Ἀρμένου.

143 1614 222 1679 quae
249 1595 356 1655 Latine
383 1590 442 1653 hoo
468 1590 655 1671 significante
686 1590 880 1673 Nwrplsonse
898 1612 921 1652 a
940 1598 1059 1657 recretis
1081 1602 1247 1661 monachae

142 1731 272 1791 arura.
296 1734 338 1804 9,
366 1684 1247 1807 uunpuowmAmuarumeumm.

144 1886 216 1929 nem
244 1876 276 1929 et
304 1864 411 1929 nnious
436 1861 489 1925 irio
516 1874 586 1925 ente
612 1860 758 1925 Photium
783 1864 952 1946 patriamba
978 1868 1153 1949 cpolitenos
1176 1873 1245 1951 init,

144 2015 179 2065 ut
204 2006 243 2067 eb
272 2004 329 2067 llio
356 2020 447 2063 nemo
469 2002 547 2064 alins
566 2001 698 2082 intelligi
716 2001 865 2083 potnerit,
896 2013 928 2063 et
946 2002 1025 2065 inter
1043 2018 1163 2071 emotus
1181 2029 1247 2071 non

144 2141 360 2203 Graeculorum
390 2141 592 2202 assentatione
619 2140 719 2202 solum
738 2136 795 2201 sed
815 2138 908 2198 etiam
928 2144 1082 2203 eommuni
1101 2147 1246 2208 eeclesiae

145 2278 287 2361 suffragio
316 2288 453 2360 reoeptus
477 2288 540 2339 est:
567 2274 659 2339 huius
686 2276 769 2338 enim
793 2278 941 2339 memorie
968 2298 988 2338 a
1006 2280 1123 2341 Latinis
1142 2281 1165 2345 3
1186 2280 1248 2344 eid.

145 2418 251 2496 Maias,
273 2416 427 2478 eGraeds
447 2414 470 2482 4
489 2435 562 2478 non.
582 2416 685 2479 lamias
705 2414 915 2478 ecclesiaticis
936 2426 983 2478 est
1003 2430 1175 2480 oonseerate
1195 2431 1246 2480 te·
1325 2419 1329 2426 '

145 2554 243 2633 bulis,
280 2565 440 2639 poetqnam
474 2575 493 2616 a
526 2557 629 2616 ireone
663 2555 798 2616 Armeno
831 2553 1016 2616 ieonoolaste
1043 2555 1246 2637 perditissimo

145 2691 282 2755 redactus
302 2695 335 2752 in
356 2691 493 2754 ordinem
514 2711 542 2752 a.
565 2691 596 2752 d.
618 2693 695 2769 828,
717 2691 805 2750 exilii
826 2688 884 2771 14,
904 2693 1034 2754 fdioiter
1053 2713 1071 2752 e
1091 2693 1169 2754 viris
1190 2713 1248 2753 ex·

145 2831 245 2890 uessit.
288 2847 419 2911 qnooum
444 2829 606 2907 praecipua
630 2822 794 2886 Theodoro
814 2824 952 2887 studitae
971 2829 1036 2889 viro
1057 2832 1246 2891 smmissImo

144 2965 333 3026 familiaritas
358 2964 536 3023 interoessit.
576 2973 728 3043 postremo
754 2979 851 3021 unum
878 2957 1086 3024 admonendus
1112 2985 1160 3041 es,
1189 2968 1245 3025 Ni-

145 3101 284 3184 oephori,
312 3098 395 3185 qnod
414 3119 508 3182 panes
528 3119 584 3161 noe
605 3101 679 3178 fuit,
702 3095 911 3180 apographum
930 3101 1045 3182 passim
1064 3099 1245 3160 mendosum

145 3259 181 3299 eo
202 3237 399 3322 depravatum
418 3239 530 3316 fuisse,
557 3257 692 3321 nosque,
713 3249 748 3298 ut
768 3239 957 3299 tolerabilem
975 3258 1099 3300 sensum
1119 3238 1246 3298 elicere-

144 3397 230 3454 mus,
251 3378 416 3458 plurimum
435 3376 468 3434 in
488 3371 712 3456 interpretando
731 3376 903 3438 laborasset
930 3396 1037 3439 verum
1058 3395 1100 3436 ex
1120 3395 1157 3436 ee
1176 3376 1246 3456 lege

145 3533 237 3598 qnam
259 3515 334 3575 olim
353 3511 441 3574 nobis
461 3513 680 3593 imposuimus,
701 3511 781 3573 nihil
800 3532 857 3575 noe
876 3515 910 3573 in
929 3523 1074 3575 oontextn
1091 3514 1159 3595 ipso
1174 3531 1246 3572 mn-

143 3661 239 3729 lassa,
266 3661 385 3731 proeter
402 3652 555 3713 levissima
576 3648 727 3732 quaedam
747 3651 931 3734 omninoque
951 3651 1129 3727 manifesta,
1154 3657 1245 3730 atquo

142 3791 177 3848 in
205 3789 344 3850 omnibus
366 3787 568 3872 Pythagorico
601 3785 720 3848 decreto
751 3789 905 3870 pomisne,
947 3786 1029 3873 quod
1058 3807 1100 3848 ex
1125 3785 1246 3867 synesii

142 3927 241 3987 liioue
269 3937 416 4009 tanquam
442 3947 484 3988 ex
511 3926 632 3988 Solonis
659 3925 770 3986 tabuiis
790 3922 849 3986 hoo
867 3926 937 3986 looo
955 3922 1169 4006 proferendum
1189 3933 1246 3998 est,

143 4061 272 4143 dignum
291 4083 363 4126 sano
386 4061 470 4150 quod
490 4065 585 4126 oritioi
606 4081 713 4124 omnes
741 4070 811 4122 ente
834 4063 938 4124 oeulos
958 4060 1108 4143 habeant,
1136 4058 1176 4123 ad
1195 4056 1246 4119 id·

140 4219 201 4287 que
223 4211 347 4264 oouatus
366 4223 437 4267 suos
458 4224 494 4267 eo
514 4203 736 4267 lucubrationes
757 4198 996 4266 aooommodent.
