3017 4900
406 307 662 396 omonimo
687 327 721 397 s
745 329 934 402 soPfflAE.
1156 333 1227 412 149

118 501 152 549 et
171 507 311 571 pronaon
331 487 416 552 aedis
434 492 540 552 Martis
558 489 707 554 babemus
731 494 812 577 apud
833 497 950 558 Gruter.
974 501 1016 564 at
1037 501 1074 576 2,
1104 502 1170 568 -l72
1191 505 1223 580 3,

113 576 185 640 214
209 580 239 638 l.
281 578 325 634 its
343 580 435 636 etiam
450 595 515 638 vox
531 575 608 638 haec
621 591 783 660 usurpatur
799 603 818 640 a
832 586 966 644 Vitruvio
980 584 1001 648 4
1022 585 1043 649 4
1065 597 1094 646 et
1113 606 1130 648 a
1148 591 1223 648 Per.

114 660 208 720 ‹licca
220 658 355 741 Ephesio
369 662 408 721 de
421 662 621 724 Thematibus
632 667 782 725 Hierosol.

284 748 338 811 stul
352 746 480 828 δινδρον
493 743 715 827 aduniamur
729 745 821 825 ἐστρὶς
833 749 867 815 ir
880 755 924 836 soi
936 746 1072 838 προνάῳ.

113 841 150 888 at
164 831 220 911 qui
233 829 370 912 cotiraco
381 836 500 892 tertiam
514 853 581 894 esse
592 837 698 914 templi
711 846 828 916 psrtem
842 835 1042 912 contendunt,
1063 840 1095 896 in
1110 841 1221 920 quibus

113 925 163 974 est
184 916 413 994 cenebrardus,
436 921 612 979 existimant
631 918 704 980 inde
723 921 871 980 Gallicam
894 941 999 981 rocem
1009 943 1106 1000 prone
1122 924 1220 985 dedu·

112 999 263 1076 cendam,
285 1023 352 1061 eam
371 1005 486 1064 scilicet
506 1007 672 1064 orationem
691 1025 784 1088 quarn
805 1025 845 1064 ex
868 1007 958 1066 officii
973 1010 1110 1068 instituto
1126 1007 1219 1070 habet

111 1089 201 1145 mato
221 1085 264 1146 ad
278 1089 400 1168 plebem
415 1091 449 1147 in
468 1091 527 1148 ista
548 1091 689 1150 inferiore
717 1090 801 1150 aedis
822 1103 907 1170 parta
927 1103 957 1150 et
975 1103 1061 1152 extra
1082 1091 1217 1172 chortun,

110 1175 197 1231 inter
217 1175 329 1234 missae
350 1175 501 1250 solennia,
528 1192 606 1255 quae
617 1195 750 1255 pronum
764 1175 873 1236 dicitur
888 1178 920 1234 in
934 1179 1069 1236 conciliis
1077 1181 1217 1240 Prorino.

110 1259 286 1318 Senonensi
310 1279 339 1318 s.
365 1258 462 1334 1524,
497 1260 673 1320 carnotensi
695 1262 795 1336 1526,
823 1263 1034 1322 catalaunensi
1058 1263 1139 1328 1657
1160 1276 1216 1341 etc,

106 1363 209 1422 prone
223 1346 258 1402 in
278 1345 419 1404 Consuet.
439 1347 601 1405 Parisiensi
618 1355 675 1404 art.
692 1347 752 1421 80,
773 1347 909 1407 Blesensl
924 1358 979 1406 art.
995 1352 1016 1411 3
1034 1358 1065 1406 et
1079 1351 1218 1410 Dunensi

111 1439 171 1487 art.
185 1427 245 1504 58,
266 1430 308 1488 ita
327 1440 362 1489 ut
381 1428 603 1510 quodammodo
619 1428 679 1489 bac
698 1433 832 1490 orations
844 1452 898 1491 seu
912 1433 1091 1492 allocutione
1104 1433 1144 1493 ad
1157 1454 1215 1514 po-

108 1515 224 1594 pulum
249 1517 331 1574 curio
354 1515 441 1593 fungi
462 1514 579 1576 dicatur
598 1515 697 1574 officio
718 1516 846 1574 doctoris
866 1517 1073 1588 erudientium,
1103 1523 1149 1576 uti
1169 1529 1216 1580 est

109 1597 196 1678 apud
217 1599 250 1659 S.
264 1601 448 1682 cyprianum
464 1603 562 1681 Epist.
576 1598 620 1665 24
639 1598 679 1659 tle
695 1601 807 1660 lectore
824 1611 973 1680 agentem.
1016 1606 1078 1663 scio
1093 1604 1215 1662 Salma-

109 1689 194 1745 sium
215 1685 294 1745 libro
318 1684 356 1744 de
375 1688 512 1746 Primatu
528 1704 626 1768 papae
641 1705 748 1746 vocem
761 1683 840 1744 hanc
855 1706 872 1744 a
885 1689 994 1744 Latino
1003 1691 1218 1764 praeconium,

109 1769 281 1845 deducere,
308 1769 390 1851 quod
409 1790 445 1830 eo
466 1775 499 1830 in
521 1771 589 1830 loco
609 1773 765 1852 praeconis
787 1771 869 1830 verbi
892 1770 942 1828 dei
959 1791 1070 1832 munus
1088 1775 1214 1854 impleat

109 1860 214 1915 curio:
236 1855 293 1915 sed
304 1859 358 1914 rix
369 1858 401 1913 in
414 1852 494 1914 banc
503 1859 684 1915 sententiam
693 1855 822 1936 pedibus
835 1857 935 1914 ierim.

198 1945 252 2007 82.
295 1943 436 2000 Confecta
450 1939 533 2000 aedis
543 1939 716 2020 Sopbisnae
731 1961 772 1999 ex
784 1942 954 2001 Silentiario
967 1942 1093 2022 aliisque
1107 1951 1213 2002 ancto-

108 2027 196 2086 ribus
219 2025 434 2105 descriptione,
457 2037 593 2105 superest
613 2035 648 2084 ut
668 2023 706 2084 de
726 2029 895 2105 praecipuis
910 2027 992 2086 illius
1010 2027 1212 2108 exedris·(sic

107 2113 195 2170 enim
214 2131 368 2170 sacrarum
386 2110 508 2169 aedimn
531 2109 711 2190 appendices
727 2113 873 2190 appellari
888 2123 991 2172 auctor
1005 2123 1049 2170 est
1062 2115 1215 2174 Eusebius

104 2201 189 2257 llist.
203 2199 289 2256 Eccl.
306 2199 347 2260 10
367 2194 409 2275 l)
430 2195 546 2277 aliquid
558 2196 703 2256 dicamus.
745 2195 854 2254 harum
867 2194 943 2255 duae
956 2199 1147 2275 potissimum
1160 2218 1212 2256 ce-

105 2285 255 2343 lebriores
277 2279 399 2340 habitae
420 2292 508 2356 sunt,
540 2289 575 2340 at
594 2292 707 2341 ceteras
726 2283 878 2354 omittam,
908 2283 936 2340 si
960 2299 1037 2362 quae
1058 2285 1211 2358 exstitere,

105 2370 319 2450 baptisterium
331 2378 362 2425 et
373 2365 572 2427 diaconium.
613 2386 633 2425 a
642 2366 815 2446 baptisterio
827 2363 994 2442 ordiemur,
1017 2385 1076 2448 quc
1089 2369 1214 2426 nemisse

106 2456 266 2536 appellant
281 2450 443 2513 christiani
454 2455 558 2512 locum
571 2452 714 2533 baptismi
725 2452 824 2512 officio
839 2450 981 2511 dicatum.
1023 2450 1101 2511 illud
1114 2453 1212 2513 ferme

104 2543 237 2601 seorsim
257 2561 276 2598 a
294 2540 417 2619 templis
438 2540 553 2599 exstrui
575 2540 699 2597 solitum
721 2535 809 2596 docet
824 2538 974 2596 Eusebius
988 2538 1054 2597 loco
1069 2541 1210 2617 proxime

104 2630 211 2704 citato,
234 2628 395 2705 ceterique,
417 2642 492 2705 quos
505 2625 619 2706 passim
631 2620 758 2683 laudant
770 2624 941 2682 Briesonius
957 2620 997 2681 ad
1009 2626 1083 2701 Leg.
1099 2624 1215 2681 Domi-

104 2716 198 2783 nieo‚
229 2709 298 2771 cod.
320 2706 443 2769 Theod.
465 2708 503 2768 de
526 2709 720 2789 spectaculis,
750 2706 857 2787 Stepb.
881 2710 1033 2769 Durantus
1058 2705 1096 2766 de
1115 2708 1210 2768 Ritib.

101 2799 193 2861 Ecol-
218 2802 236 2860 1
262 2798 319 2870 19,
347 2798 518 2854 Bronverus
536 2793 576 2852 ad
593 2796 747 2853 Fortunat.
771 2794 795 2853 l.
819 2796 834 2857 1
859 2800 959 2872 pottm.
985 2792 1041 2867 15,
1063 2792 1216 2873 Iosephus

102 2886 284 2943 vicecomes
307 2890 338 2939 et
359 2881 422 2938 alii.
471 2896 572 2959 neque
591 2888 711 2937 tantum
730 2888 817 2936 extra
835 2878 942 2937 aedem
961 2898 1077 2937 sacram
1093 2881 1211 2938 exstitit

103 2969 332 3049 baptisterium,
354 2963 409 3025 sed
431 2966 522 3022 etiam
543 2982 647 3021 versus
663 2962 798 3020 infisuam
809 2963 891 3021 illius
902 2972 1035 3041 partem,
1058 2982 1113 3022 seu
1126 2962 1210 3021 haud

102 3056 201 3132 longe
217 3072 235 3109 a
249 3052 411 3133 porticibus
424 3048 657 3108 occidentalibus
672 3049 723 3106 rel
735 3044 892 3120 narthece,
913 3067 973 3128 quc
988 3050 1079 3105 statui
1091 3045 1214 3107 videtur

103 3142 178 3199 loco
200 3138 408 3217 baptisterium
424 3131 613 3213 Sophianum
626 3152 645 3191 a
659 3130 775 3191 cndino
791 3132 937 3190 scribente
951 3126 984 3193 τὸ
997 3130 1142 3195 inimcos·
1153 3134 1211 3195 soti

101 3227 189 3288 ναοῦ
208 3222 263 3286 sul
283 3218 334 3285 riv
354 3218 488 3300 λουτῆρα
515 3217 569 3281 sul
594 3213 667 3292 roric
689 3212 850 3299 νάρθηκας
871 3215 924 3279 stul
943 3212 981 3278 roi
1005 3214 1090 3296 πέριξ
1108 3210 1210 3279 cccciv

101 3312 204 3371 fuisse
226 3304 351 3366 domum
372 3304 514 3363 Damisni
532 3304 668 3384 patricii,
687 3304 752 3363 sive
775 3298 833 3359 hoc
856 3303 923 3361 loco
942 3299 1072 3359 narthex
1093 3300 1209 3360 dicatur

100 3414 178 3476 pers
192 3393 318 3453 inferior
332 3392 456 3469 templi,
477 3408 532 3448 sen
546 3390 679 3469 porticus
691 3386 843 3448 vestibuli.
884 3387 996 3445 Paulus
1018 3388 1210 3447 silentiarius

100 3475 339 3561 part.1v.148
359 3473 438 3534 illud
455 3474 550 3533 inisse
572 3471 686 3532 indicat
698 3490 802 3531 versus
815 3474 945 3551 porticus
959 3472 1115 3531 inferiores
1129 3490 1208 3553 quae

100 3571 187 3627 intra
200 3561 309 3622 aedem
320 3570 401 3635 sunt,
422 3579 484 3641 quo
496 3558 593 3619 ferme
604 3560 673 3617 loco
686 3554 840 3617 hincinde
852 3554 1047 3618 validioribus
1059 3558 1209 3619 columnis

100 3650 282 3712 marmoreis
295 3644 510 3707 catechumena
523 3642 743 3705 suffulciuntur.

639 3721 858 3810 ioecosfcoceos
874 3722 908 3787 δὲ
922 3724 993 3809 γαίῃ
1223 3734 1246 3789 Ρ
1263 3734 1315 3791 593

269 3811 370 3881 simios
384 3807 542 3895 ἀλλήλοισι
555 3806 622 3877 δύο
637 3814 743 3878 δυσίν·
764 3803 807 3873 όν
824 3806 899 3873 assei
913 3804 1029 3894 κόρσης

270 3894 464 3984 νιτρασὸροις
477 3903 614 3982 σειρῆσιν
627 3897 830 3977 brasmatiae
843 3896 950 3975 περαίη

269 3992 370 4053 ruitur
381 3979 561 4065 ὁσοοτῆριξι
573 3984 790 4067 γυναικείοισιν
802 3977 949 4055 ὶᾶἐθλοις,

269 4068 345 4137 tcto
360 4064 562 4134 οἷπιθιῖνονσα
573 4064 650 4152 προς
663 4060 819 4151 isaiam
829 4060 934 4147 λόετρα

268 4152 439 4240 Maeuiae
452 4148 567 4237 βιότοιο
578 4150 735 4237 καθάρσια
744 4162 803 4210 etc.

104 4262 193 4323 porro
213 4250 297 4302 tanta
318 4239 517 4322 amplitudine
537 4241 598 4300 fuit
617 4239 825 4321 baptisterium
846 4230 1050 4314 sophianam,
1071 4240 1106 4291 ut
1120 4230 1152 4289 in
1165 4229 1204 4289 iis

104 4340 171 4389 actu
192 4331 320 4391 concilis
338 4329 476 4410 legamus
497 4328 530 4387 'su
552 4322 668 4409 synstlo
682 4319 826 4385 chalced.
842 4322 909 4381 Act.
923 4324 939 4385 1
955 4328 986 4379 et
998 4312 1079 4398 apud
1092 4313 1206 4375 (ledre-
