3017 4900
255 267 328 338 126
699 263 911 350 QUERCIUS

251 431 343 492 tradit
364 428 453 494 tiss
473 433 507 495 1:
539 429 630 505 ἔθνος
650 425 683 492 dl
704 427 862 496 Σκυθικόν
881 430 913 496 of
931 425 1060 512 Ἀβαροι
1081 431 1143 492 τοῖν
1165 426 1361 511 ἇμοξοβίιον,

251 523 313 580 τοῖν
334 514 412 598 όπὲο
429 513 485 580 τόν
505 510 673 579 Καόιιασον
691 513 728 579 τό
749 516 886 580 ἐπέκεινα
905 516 994 578 πεδία
1014 515 1205 594 νεμομένων,
1232 517 1264 578 οἳ
1282 511 1363 590 totle

251 606 443 686 γειτνιῶντας
461 595 616 684 Τοόριιοος
629 600 777 664 πασσυδεὶ
788 597 984 684 πεφευγότες,
1005 598 1070 662 ἐπεὶ
1084 603 1188 673 ιιαιιοῖς
1203 596 1281 681 πρός
1294 595 1360 662 αό-

254 689 318 750 τοῖν
332 678 558 762 ἐπεπόνθεσαν,
581 685 628 750 ἐπὶ
645 681 700 749 τόν
712 683 877 769 Βόσπορον
897 681 1045 765 tlalamo
1131 683 1232 766 μέχρις
1246 677 1286 748 οὖ
1300 683 1362 760 τός

253 767 360 854 η’ϊόνας
375 775 431 834 τοῦ
446 769 563 852 Ἴστρου
581 767 793 852 ιιατειλήφασι,
822 770 874 834 nal
887 768 962 850 πρός
970 763 1184 835 Ἰοοστινιανόν
1197 764 1361 852 ἐπρεσβιό-

256 878 359 922 σαντο.
401 859 532 936 Evagrio
555 857 666 916 similia
687 867 789 916 narrat
808 857 972 917 Simooatta
985 854 1038 914 lib.
1055 860 1075 921 7
1095 859 1126 918 7.
1170 866 1250 914 reate
1264 858 1360 934 igitur

255 942 358 1002 Pisida
377 943 492 1002 Abares
513 944 546 999 in
570 952 776 1022 contemptum
801 935 980 1016 ἆποσπόδας
1004 943 1112 998 recisos
1132 951 1234 1000 vocat:
1267 939 1357 1000 duola

257 1031 339 1086 enim
353 1025 530 1108 metaphora
543 1028 580 1086 ab
595 1028 734 1088 arborum
749 1030 963 1108 amputatione,
976 1045 1068 1106 quam
1080 1026 1141 1085 late
1155 1029 1358 1107 prosequitur,

257 1113 329 1172 dicit
342 1115 457 1172 Abatos
480 1132 546 1172 esse
568 1115 688 1172 astalsos
706 1123 736 1172 et
754 1125 891 1177 exsectos
908 1132 926 1169 a
941 1112 1049 1170 Turuis
1063 1112 1146 1170 velut
1158 1113 1307 1192 ignobiles
1322 1132 1359 1170 ac

256 1199 379 1268 inutiles
398 1217 507 1256 ramos.
559 1200 707 1257 Henrious
728 1196 900 1278 Stephanus
919 1199 952 1256 in
980 1196 1067 1254 Thes.
1089 1196 1214 1276 hagam
1237 1198 1293 1256 Gr.
1318 1196 1360 1256 ad

256 1303 363 1343 vocem
378 1277 538 1358 α’ποσπός,
569 1301 637 1340 oum
661 1283 919 1342 animadvertisset
942 1276 1122 1355 όποσιιόόας
1142 1282 1204 1340 dici
1225 1303 1244 1341 a
1263 1281 1359 1342 Suida

228 1368 235 1387 ¹
257 1363 329 1442 totis
349 1361 604 1442 ἀποσπασθέντας
625 1368 761 1440 avulsos,
787 1361 1019 1440 α’ποσπαδόνιας
1035 1376 1137 1426 autem
1155 1362 1228 1442 τούς
1247 1361 1358 1431 duono-

257 1453 367 1526 πέντας
388 1451 539 1510 eunuchos
561 1454 624 1511 sive
642 1464 808 1526 coenatos,
839 1463 919 1512 recte
942 1454 1068 1511 coniecit
1089 1472 1194 1512 vocem
1217 1447 1360 1526 όποσπός

259 1560 324 1598 esse
338 1539 477 1597 feminini
493 1539 632 1616 generis,
655 1538 738 1619 quod
750 1550 833 1618 patet
848 1558 889 1597 ex
902 1558 964 1617 seq.
982 1558 1069 1596 versu
1083 1540 1134 1613 67,
1155 1540 1189 1595 in
1199 1558 1260 1618 quo
1275 1539 1359 1596 Aba·

259 1646 306 1684 res
319 1635 464 1683 vocantur
478 1624 545 1705 ῥίζα
562 1627 618 1704 τῆς
636 1617 830 1701 ἇποσπόδος,
854 1624 967 1684 scilieet
980 1616 1113 1705 ῥάβδου,
1135 1623 1225 1682 radia
1235 1623 1361 1682 amhae

258 1713 373 1790 virgae.

347 1815 396 1876 18.
439 1811 554 1870 Abaras
572 1831 590 1869 a
606 1811 715 1871 Turois
736 1812 819 1892 pulsi
836 1831 908 1870 oum
926 1809 966 1870 ad
985 1811 1160 1870 Danubium
1173 1829 1270 1892 usque
1288 1829 1361 1889 per-

257 1897 359 1974 vagati
381 1906 496 1971 essent,
530 1896 567 1953 ab
580 1898 745 1956 Iustiniana
766 1901 841 1976 imp.
862 1908 966 1955 contra
978 1898 1054 1956 alios
1072 1896 1214 1956 barbaros
1233 1897 1361 1976 populos

260 1985 292 2040 in
307 1982 457 2038 auxilium
472 1980 560 2038 aooiii
573 1991 659 2055 sunt,
696 1993 727 2041 et
747 1984 781 2040 iu
796 1985 949 2041 Romanae
964 1979 1092 2041 dioioais
1106 1981 1182 2040 fines
1199 1983 1309 2061 reoepti
1325 2001 1363 2039 ao

260 2067 346 2146 donis
361 2066 532 2144 ingentibus
546 2063 696 2125 honorati.
727 2086 793 2126 rem
810 2067 907 2126 fusius
918 2077 1021 2126 narrat
1032 2065 1199 2126 Menander
1209 2069 1362 2126 Protector-

259 2153 338 2208 inter
358 2160 495 2227 exempta
517 2149 608 2230 legat.
624 2172 661 2228 p.
679 2153 740 2226 99,
773 2149 978 2232 Theophanes
993 2173 1030 2230 p.
1047 2150 1126 2228 143,
1162 2161 1254 2232 atque
1269 2171 1310 2210 ex
1324 2172 1363 2210 eo

260 2235 541 2296 AnastasiusHist.
562 2235 648 2294 Eool.
673 2235 718 2293 ad
737 2258 790 2296 an.
811 2237 924 2296 Ιαιιὺιὶ
943 2240 1076 2296 mauu.
1121 2257 1191 2296 oum
1207 2238 1365 2297 autemibi
1429 2236 1437 2248 “

262 2319 579 2396 sameloonsedissent,
588 2341 652 2380 non
661 2319 732 2380 inde
749 2324 880 2403 amplius
892 2341 944 2381 eos
960 2321 1251 2382 eiiaiendiRomanis
1264 2325 1366 2402 impe-

261 2407 407 2466 ratoribus
418 2406 476 2467 fuit
485 2417 628 2485 potestas.
643 2407 790 2489 Corippus
797 2409 956 2469 Africanus
965 2407 1096 2467 ἅιΙοιαί.
1105 2409 1182 2468 luet.
1193 2410 1268 2468 nain.
1277 2407 1366 2471 aas

261 2494 395 2551 Abarum
407 2493 543 2571 legatum
555 2494 651 2552 multa
664 2496 840 2570 iaotantem,
872 2506 902 2555 et
922 2514 1049 2553 munera
1069 2474 1128 2554 ahai
1145 2496 1184 2553 ab
1199 2498 1368 2553 Iustiniana

263 2577 329 2637 dari
344 2577 431 2637 solita
444 2588 630 2655 repetentem
642 2573 769 2655 induoi't,
786 2582 888 2659 legato
901 2581 1028 2659 superbe
1042 2581 1178 2661 loquenti
1189 2582 1301 2638 iratum
1314 2600 1369 2637 re·

262 2662 441 2742 spondetem
454 2664 613 2721 Iustinum.
656 2665 698 2722 ita
714 2684 786 2723 saue
798 2668 931 2723 Iustinus
945 2666 1064 2725 locutus
1076 2677 1122 2725 est
1135 2676 1202 2724 tum
1216 2685 1286 2724 oum
1300 2665 1368 2743 pri-

262 2767 350 2805 mum
364 2744 403 2805 ad
415 2749 577 2825 imperium
592 2756 637 2806 est
651 2759 782 2825 evectus,
796 2770 860 2808 non
874 2747 1015 2809 diffidens
1027 2770 1061 2809 se
1073 2753 1135 2811 suis
1147 2751 1262 2809 viribus
1276 2770 1369 2830 posse

262 2832 376 2892 Abares
397 2851 416 2890 a
433 2834 639 2891 Romanorum
655 2830 773 2893 dicione
790 2836 962 2914 expellere:
984 2833 1040 2894 sed
1053 2847 1157 2916 postea
1172 2838 1274 2914 ipsum
1287 2854 1369 2917 quo·

263 2938 340 2999 que,
363 2919 501 2998 quamvis
515 2918 644 2977 inritum
657 2918 781 2979 foedera
792 2922 929 2981 iunxisse
944 2940 1014 2981 oum
1025 2922 1130 2981 invisis
1143 2920 1278 2980 barbaris
1291 2939 1370 2979 oon-

263 3014 323 3065 stat
336 3024 376 3063 ex
391 3003 530 3065 omuibus
545 3000 688 3063 historiis.

319 3125 407 3271 1628.
445 3122 559 3181 scilicet
575 3120 614 3181 ad
627 3124 708 3203 ripas
723 3124 856 3184 Danubii
870 3123 1018 3200 oonstitit,
1045 3134 1080 3183 ut
1095 3122 1210 3185 diotum
1221 3136 1265 3184 est
1275 3142 1367 3203 supra

263 3228 294 3267 v.
361 3248 369 3265 .

330 3309 403 3375 ·25.
446 3312 561 3370 Abares
583 3330 652 3370 oum
676 3312 810 3392 primum
833 3310 873 3371 ad
893 3330 1016 3370 amnem
1036 3329 1132 3392 usque
1151 3311 1367 3391 pervenissent,

266 3415 298 3453 se
317 3394 360 3450 eis
378 3398 489 3453 Istrum
509 3416 571 3454 non
591 3416 656 3455 esse
674 3399 850 3457 transituros
861 3400 1049 3471 iuraverant,
1077 3417 1112 3455 ao
1124 3398 1255 3456 Romani
1266 3404 1370 3452 oontra

266 3500 298 3537 se
313 3488 393 3537 trans
409 3483 520 3538 Istrum
535 3500 596 3538 non
609 3482 703 3539 ituros
717 3485 926 3562 promiserant.
970 3480 1024 3540 sed
1037 3482 1122 3539 nulla
1135 3482 1194 3541 fait
1209 3480 1283 3539 fides
1297 3479 1371 3536 bar-

266 3566 366 3638 baris3
389 3562 470 3623 unde
490 3575 533 3623 tot
555 3574 619 3623 orta
643 3568 721 3625 inter
745 3578 889 3648 utrosque
915 3564 1040 3625 dissidia
1053 3567 1194 3643 etbella,
1225 3564 1372 3624 Romanis

267 3649 370 3710 antoni
382 3648 492 3708 damna
507 3653 641 3709 maxima
654 3653 748 3711 illata.
792 3654 966 3711 Frauoisous
984 3653 1068 3711 Doris
1083 3650 1255 3726 Otrokoosi,
1278 3668 1371 3730 quem

267 3740 300 3794 in
321 3738 435 3794 Monito
458 3734 664 3813 laudavimus,
704 3740 817 3796 nirniua
836 3758 908 3797 sane
930 3748 976 3795 est
1006 3736 1168 3815 Originum
1190 3734 1366 3814 Hungan'e.

266 3832 348 3899 part.
368 3826 382 3883 1
403 3844 430 3879 c.
447 3822 467 3886 5
481 3824 514 3879 in
529 3820 725 3881 defendendis
739 3826 867 3897 Hunnis,
882 3842 959 3903 quos
972 3832 1006 3880 ut
1018 3823 1055 3879 ab
1068 3824 1151 3880 omni
1163 3821 1277 3879 invidia
1291 3820 1372 3877 libe-

269 3916 323 3979 ret,
347 3908 497 3966 Romanos
514 3906 697 3986 foedifragos
715 3908 798 3984 facit,
819 3928 888 3966 oum
899 3919 1002 3967 tamen
1014 3917 1128 3965 oonstet
1141 3906 1225 3965 nullo
1240 3907 1308 3963 iure¹
1319 3923 1372 3962 eos

270 3994 303 4048 in
318 3990 448 4049 alienam
470 3992 620 4052 dicionem
639 3996 797 4073 irrupisse,
830 4014 887 4052 neo
908 3993 1002 4052 semel
1019 3994 1188 4052 iuramenta
1205 4001 1234 4050 et
1248 3988 1374 4049 foedera

271 4074 341 4133 dolo
356 4077 436 4133 malo
450 4079 593 4153 violasse,
624 4078 706 4160 quod
721 4100 762 4137 ex
777 4082 814 4139 iis
830 4099 908 4160 quae
921 4079 976 4139 sub
989 4078 1130 4137 Heraclio
1145 4079 1220 4157 imp.
1235 4077 1373 4157 contige-

273 4171 340 4221 tturt
353 4160 462 4219 clarius
477 4161 584 4220 elucet.

357 4266 410 4329 30.
453 4272 533 4323 recte
548 4260 751 4348 uuutoysa‘aus
769 4267 938 4346 appellatur
949 4268 1026 4325 Ister
1040 4267 1103 4327 sive
1118 4265 1291 4340 Danubius,
1318 4265 1373 4343 qui
