3017 4900
551 386 793 457 rumano.
1202 411 1225 459 v

126 543 156 614 d
187 551 329 633 βασιλεῦ,
364 550 558 634 μιλομβοφὲς
578 553 702 619 uidslor
721 554 832 631 ιῖλίξος
851 548 933 619 udde
953 549 1071 637 βᾶψοις
1089 552 1223 638 ἱροθρόν

126 656 288 735 Περοιιιοῖν
309 652 341 729 ἐξ
361 649 508 733 cludens.
545 658 722 739 exquibus
745 659 879 739 quinqua
892 657 1000 717 iambis
1017 656 1092 719 duos
1105 668 1221 719 tanturn

126 774 219 815 suum
238 752 277 814 ad
295 756 454 835 ingenium
467 756 620 817 effinxisse
634 757 806 818 cedrenum
817 758 907 838 plane
926 755 1055 821 ducebar
1069 758 1108 820 ad
1120 762 1220 840 suspi-

127 855 270 916 candum.
313 876 418 918 rerum
436 877 506 919 cmn
527 860 715 921 celeberrimi
739 860 800 919 sint
820 868 851 919 et
871 862 1008 923 omninn
1024 864 1222 934 recentiorum

126 960 311 1019 Graecorum
330 979 381 1020 ore
403 962 519 1040 vulgati
539 962 587 1023 illi
609 958 669 1021 duo
687 962 813 1037 senarii,
834 963 1092 1042 praetereuntium
1105 962 1138 1021 in
1154 959 1221 1021 cod.

125 1062 270 1121 Vatinano
287 1063 369 1125 1126
386 1072 417 1122 et
432 1064 466 1122 in
483 1064 551 1125 aliis
568 1061 720 1124 codicibus
738 1063 864 1125 seorsim
877 1064 979 1143 scripti
994 1084 1032 1125 ao
1040 1064 1158 1145 repetiti
1172 1065 1220 1125 le-
1236 1082 1264 1138 p.
1280 1062 1332 1119 Vll

125 1174 251 1242 gantur,
280 1160 365 1245 qnod
384 1168 554 1227 exinostris
582 1162 824 1227 adnotationibus
844 1166 877 1225 in
894 1166 1080 1245 flegmate
1101 1164 1222 1243 Pisidae

124 1284 157 1324 v.
173 1268 217 1328 20
239 1262 379 1343 adparet,
399 1275 434 1325 ut
451 1266 553 1325 fictam
571 1266 719 1327 fabellam
739 1264 820 1327 hano
841 1265 879 1326 da
898 1268 1027 1346 Georgio
1042 1277 1071 1327 et
1084 1267 1222 1327 Heraclio

124 1367 381 1427 narratiunculam
395 1388 517 1448 prorsus
528 1370 650 1429 reiicere
663 1389 725 1429 non
738 1368 897 1429 audebam.
927 1388 1027 1451 neque
1039 1370 1121 1430 enim
1131 1370 1221 1448 igno-

124 1469 232 1529 rabam
246 1488 337 1529 nsum
356 1470 391 1529 in
408 1473 478 1533 aula
496 1473 664 1553 Byzantina
685 1470 839 1552 qnondam
860 1471 1039 1547 invaluisse,
1061 1480 1096 1531 ut
1113 1476 1221 1553 politae

125 1591 197 1631 snas
220 1572 456 1637 elucubrationes
476 1594 577 1636 coram
593 1575 668 1654 ipsis
681 1573 803 1653 regibus
820 1583 850 1633 et
864 1569 1040 1653 patriarchis
1053 1572 1221 1647 recitarent,

125 1693 240 1756 mque
253 1668 426 1759 ἆκροᾶοιις,
446 1677 681 1738 οιιεοιιὶιαοοποο
694 1673 824 1752 diceres,
846 1674 1047 1755 appellarant,
1068 1671 1150 1757 quod
1163 1692 1222 1753 po-

122 1777 199 1855 pulo
214 1773 356 1837 audiente
366 1780 487 1859 publice
500 1789 532 1839 et
542 1779 643 1859 palam
655 1779 835 1857 legerentur.
856 1786 964 1839 testem
975 1772 1224 1836 adbibsboPaul-

123 1878 191 1937 lum
208 1878 441 1959 silentiarium,
453 1882 507 1964 qui
521 1900 594 1941 suaa
614 1879 652 1939 ds
671 1878 746 1939 aede
769 1876 922 1959 Sophiaua
938 1876 1145 1958 descriptionis
1157 1878 1222 1960 pri-

123 2000 210 2039 mam
228 1991 346 2060 partem
363 1984 401 2051 in,
416 1986 500 2063 ragio
519 1984 632 2064 palatio
650 2002 753 2043 coram
772 1982 936 2040 iustiniano
951 1982 1149 2060 imperatore,
1170 2001 1222 2039 se·

124 2080 257 2143 cundarn
277 2095 379 2143 autem
398 2087 432 2145 in
452 2088 604 2165 episcopio
619 2105 721 2145 coram
735 2080 885 2163 Eutychio
898 2078 1066 2163 patriarcba
1077 2084 1221 2157 recitavit,

124 2195 162 2245 ut
182 2205 225 2245 ex
242 2187 352 2246 iambis
367 2196 399 2245 at
409 2187 506 2245 titolis
521 2190 671 2265 poematia
684 2187 835 2266 inscriptis
848 2183 881 2245 fo
893 2184 1097 2252 manifestum.
1140 2182 1222 2264 quod

123 2299 229 2347 autem
245 2290 346 2367 magis
367 2285 467 2366 adbuc
483 2286 618 2349 cedreno
631 2288 725 2349 fidem
741 2288 899 2349 conciliare
915 2285 1069 2361 rideatur,
1088 2304 1154 2345 mos
1170 2286 1236 2365 illa¹

125 2400 175 2450 est
196 2392 272 2450 olim
293 2391 381 2471 cpoli
402 2400 538 2470 receptus
552 2389 590 2451 de
606 2390 807 2452 acclamandis
820 2400 964 2472 perpetuo
982 2387 1221 2469 imperatoribus,

124 2494 211 2576 quod
229 2514 373 2575 persaepe
395 2495 488 2552 etiam
506 2493 597 2553 fiebat
616 2496 741 2571 iambis,
763 2503 798 2552 ut
809 2491 911 2554 videre
926 2501 971 2551 est
984 2495 1017 2562 in
1029 2492 1222 2550 Constantino

122 2595 385 2679 Porphyrogenito
396 2595 433 2654 ds
443 2615 606 2656 οοινπποπ.
623 2596 714 2656 aulus
726 2596 860 2675 Byzant.
878 2595 915 2654 ab
928 2592 994 2654 lob.
1008 2597 1138 2655 ilenrico
1151 2595 1224 2652 Lei-

123 2696 195 2758 obio
208 2711 240 2758 et
253 2697 320 2760 lols.
333 2703 394 2758 lao.
408 2696 531 2759 Reiakio
543 2699 744 2778 superioribus
759 2700 845 2759 annis
858 2696 951 2758 edito.
989 2698 1032 2758 ibi
1044 2700 1126 2759 anim
1136 2718 1171 2778 p·
1184 2697 1222 2760 16

122 2803 239 2882 legitur
259 2799 342 2886 quod
363 2804 543 2882 imperatore
563 2819 674 2880 magna
692 2821 804 2881 pompa
823 2799 1004 2882 procedente
1021 2802 1054 2858 in
1073 2809 1175 2860 saneta
1195 2806 1225 2856 et

122 2924 241 2984 magna
258 2902 408 2964 dominica
422 2902 463 2962 ad
479 2922 562 2963 saera
578 2904 746 2962 factionum
759 2904 987 2962 acclamationes
1001 2901 1090 2976 fiunt,
1113 2910 1144 2959 et
1162 2902 1224 2959 Ve-

123 3017 218 3066 netae
240 3007 371 3066 notarius
390 3004 493 3081 adest,
514 3001 565 3068 sul
586 3004 636 3066 δεῖ
655 2999 750 3066 οὖνᾶν
765 3011 940 3086 περιπατεῖν
955 2999 1082 3066 ὄπισθεν
1097 3004 1159 3064 τοῖν
1176 3001 1225 3062 de·

124 3115 251 3175 mac
271 3107 420 3188 πληο1ον,
446 3105 499 3170 καὶ
517 3103 614 3191 λέγειν
632 3101 707 3182 sodo
728 3099 805 3168 susci
825 3102 921 3169 τύπον
940 3101 1084 3186 ἰάμβους,
1114 3097 1224 3160 deinde

124 3209 249 3296 ἔρχεται
261 3209 408 3293 ἰαμβίζειν
422 3205 505 3272 droti
518 3206 628 3291 μέρους
637 3212 698 3270 τῶν
712 3208 877 3290 Hortinos
890 3209 1032 3288 μαΐοτωρ.
1065 3215 1132 3264 tum
1143 3201 1160 3268 d
1171 3206 1226 3267 τοῦ

125 3315 239 3399 μέρους
253 3319 317 3380 τῶν
332 3310 467 3376 derisus
481 3314 614 3396 μοιΐοιοιρ
628 3307 748 3394 ἔρχεται
761 3311 926 3392 ἰαμβίζειν,
955 3307 1050 3367 donec
1069 3303 1087 3370 d
1101 3308 1158 3370 τοῦ
1173 3303 1226 3386 pl·

125 3440 203 3498 ρους
214 3421 276 3479 τῶν
290 3415 455 3500 Προιοίνοιν
466 3409 609 3497 νοτᾶριος
625 3411 743 3497 ἔρχεται
759 3411 812 3476 sul
830 3407 921 3486 οὗτος
937 3411 1085 3496 laudibus
1099 3407 1155 3481 ἕως
1170 3408 1226 3471 sori

124 3517 221 3601 c‘ylou
239 3517 380 3602 φρέατος.
427 3516 461 3577 id
482 3529 584 3578 autem
604 3520 636 3576 in
657 3519 797 3577 omnibus
821 3515 1004 3576 solemnibus
1022 3511 1141 3591 pompis
1160 3509 1225 3566 fieri

124 3622 253 3682 sobam
265 3623 381 3700 passim
395 3619 527 3680 ostendit
540 3619 623 3680 idem
636 3621 858 3681 Constantinus.
899 3615 980 3676 unde
999 3615 1136 3699 quamvis
1154 3612 1225 3670 satis

123 3734 269 3804 appareat
282 3723 398 3782 iambos
410 3725 464 3803 qui
474 3743 492 3780 a
503 3724 669 3782 factionum
678 3723 830 3802 magistris
841 3721 1055 3794 recitabantur,
1077 3713 1225 3795 hyrmrurrl

122 3828 176 3886 vel
189 3825 414 3885 cantiuncularn
425 3826 536 3900 fuisse,
559 3845 617 3907 qua
629 3827 689 3904 ipsi
700 3825 823 3884 alternis
835 3825 950 3882 vicibus
966 3821 1064 3878 fausta
1079 3815 1225 3895 adpreca-

122 3941 229 3991 rentur
250 3929 441 4008 imperatori,
462 3926 559 3987 nihilo
577 3937 681 3986 tamen
697 3929 798 3984 minus
815 3923 887 3984 iude
900 3924 934 3982 fit
945 3921 1129 4004 probabilius
1144 3919 1225 3976 Pisi-

123 4032 200 4092 dam
211 4033 322 4091 iambis
334 4049 353 4088 a
364 4028 499 4090 cedreno
511 4028 642 4090 laudatis
654 4029 828 4088 Heraclium
839 4029 872 4086 in
883 4045 993 4107 magno
1006 4022 1120 4101 templo
1134 4039 1224 4080 oran-

122 4147 193 4206 tem
211 4133 248 4192 de
263 4137 426 4214 improviso
442 4136 599 4194 salutasse.

214 4237 325 4297 Verum
343 4239 553 4319 qualecunque
574 4237 613 4294 sit
634 4232 805 4313 sapientum
818 4230 951 4289 virorum
966 4225 1024 4286 hac
1041 4223 1078 4285 de
1095 4245 1128 4284 re
1143 4219 1225 4281 iudi-

123 4341 226 4418 cium,
247 4338 282 4398 id
295 4360 390 4400 unum
404 4359 446 4400 ex
459 4339 603 4398 hactenus
616 4336 789 4416 praemissis
803 4333 930 4410 colligo,
950 4328 1102 4402 Pisidam,
1125 4329 1151 4386 si
1165 4345 1225 4384 non
