3017 4900
307 393 380 470 148
664 441 668 446 -
738 390 799 459 DU
829 387 973 457 clNGu

469 557 691 638 composuitque
704 553 803 615 solum
817 554 940 614 ιίσνοιιαι
952 552 1086 612 caraune
1102 549 1199 622 claro,

511 644 602 701 erasit
611 643 711 721 regios
724 641 858 720 medique
870 639 1025 714 mt'rfficas.

304 732 347 789 ita
364 725 446 808 apud
460 729 655 788 Anastasiurn
669 729 701 784 in
719 729 850 786 Honorio
868 729 936 784 PP:
957 723 1107 782 ιἰινααιίνίλ
1125 721 1226 799 regiae
1243 719 1357 778 ἰαοιαασ
1373 721 1406 776 irs

303 819 441 894 ingressu
464 814 605 872 scelestius
631 813 770 882 morbres,
793 831 871 891 quae
891 809 1086 888 appellantia
1106 805 1277 875 meritonae,
1297 824 1333 860 er
1351 824 1407 860 ar-

301 911 403 980 gento.
446 900 480 956 iu
492 901 632 958 conone:
654 899 708 977 qui
722 897 940 974 mississet-cert
953 896 990 954 cle
1001 893 1130 952 exercitu
1141 890 1186 948 ad
1195 887 1406 948 custodiendas

302 988 405 1064 regios
415 981 573 1054 basilicos,
593 982 714 1040 obtusos
725 979 933 1041 observabam.
976 981 1010 1038 in
1022 980 1124 1037 Leone
1138 995 1176 1036 ιιι
1190 976 1292 1054 regiae
1305 975 1406 1032 οιαίο-

298 1091 349 1129 res
362 1091 397 1150 p.
413 1067 570 1144 181,133,
587 1066 657 1142 134,
673 1065 744 1130 148.

389 1158 443 1218 81.
484 1151 625 1212 Tandem
643 1153 834 1233 pervenimus
858 1147 897 1208 ed
917 1148 1038 1208 tertiam
1055 1165 1182 1227 eamque
1197 1145 1338 1204 ultimam
1352 1161 1407 1203 sa-

301 1259 371 1299 crae
398 1235 482 1296 aedis
503 1248 636 1316 partem,
658 1240 690 1294 in
709 1257 770 1317 qun
786 1231 996 1317 κολόγλασσος
1014 1229 1133 1312 ὅμιλος,
1155 1241 1190 1290 ut
1202 1233 1336 1312 loquitur
1352 1229 1406 1288 Si-

301 1325 475 1397 lentiarius,
497 1343 552 1382 seu
572 1320 708 1380 fidelium
725 1323 813 1381 turba
826 1341 867 1380 ex
877 1321 968 1380 variis
984 1319 1122 1398 gentibus
1138 1317 1310 1396 linguisque
1328 1333 1406 1374 con-

302 1411 374 1468 flata
389 1408 581 1476 consistebat.
624 1405 662 1468 de
675 1409 758 1466 illius
772 1407 893 1486 propria
909 1405 1110 1485 appellatione
1123 1404 1178 1461 rix
1191 1405 1315 1460 interea
1328 1419 1406 1458 con-

298 1495 436 1554 sentiunt
458 1496 631 1572 scriptores:
653 1493 783 1551 Allatius
805 1493 887 1550 eninr
907 1487 1057 1562 narthecis
1072 1490 1194 1546 nomine
1207 1485 1312 1546 donari
1329 1504 1406 1544 con-

302 1577 414 1652 tendit,
436 1581 521 1637 cuiue
542 1575 600 1637 hac
622 1579 655 1636 in
679 1598 711 1636 re
732 1577 911 1636 seutentiam
925 1595 1014 1654 supra
1025 1583 1163 1632 accurato
1174 1573 1247 1632 satis
1260 1571 1404 1650 emine

302 1665 510 1724 discussimus.
552 1663 604 1721 alii
617 1658 752 1745 πρόνοον
766 1661 948 1741 appellatam
962 1661 1081 1734 volunt,
1105 1669 1138 1716 ut
1153 1676 1229 1739 quae
1243 1666 1312 1716 aute
1324 1649 1406 1718 sctis

301 1747 505 1809 sancitorum
528 1745 763 1826 ingredientibus
784 1757 938 1821 occurrat3
971 1755 1061 1826 etque
1082 1741 1113 1802 id
1134 1741 1254 1802 ridetur
1276 1744 1403 1803 innuere

304 1832 436 1894 cedinus
452 1831 490 1891 de
504 1831 562 1892 Off·
577 1852 604 1890 ο·
619 1837 676 1897 17:
698 1828 783 1906 ίκτδς
797 1836 859 1895 τοῖν
872 1829 993 1911 οίραίιον
1006 1827 1175 1912 λεγομένοιν
1189 1831 1309 1905 πυλῶν,
1332 1823 1405 1907 ἤτοι

302 1918 336 1983 ἐν
359 1913 495 2002 προνάῳ.
537 1935 610 1974 nam
630 1918 687 1976 etsi
707 1919 822 1977 Goarus
841 1914 917 1976 haec
937 1915 1029 1974 rerba
1047 1913 1085 1974 de
1102 1913 1251 1973 vestibulo
1267 1912 1319 1972 vet
1329 1931 1404 1971 ner-

302 2001 391 2062 thece
413 1999 558 2082 capienda
581 2011 717 2078 censeat,
738 2003 829 2080 longe
848 2011 950 2060 tamen
970 2009 1085 2075 errant,
1105 2001 1203 2081 iuquit
1217 1995 1301 2056 idem
1315 1998 1404 2058 Atta-

302 2089 380 2163 tius‚
404 2088 537 2148 (icarum
557 2085 709 2162 iudicine,
733 2089 786 2168 qui
806 2105 935 2166 prouaos
954 2087 1087 2166 porticus
1107 2105 1173 2144 esse
1188 2084 1305 2143 volunt.
1346 2101 1406 2141 nec

300 2173 404 2232 obstat
416 2173 579 2232 Balsamon
591 2173 625 2230 in
637 2191 703 2231 can.
716 2172 759 2237 74
773 2170 888 2252 Synod.
901 2173 1066 2238 Tmllauae
1078 2171 1130 2229 ubi
1145 2171 1187 2230 ait
1197 2163 1297 2234 πάντα
1307 2159 1406 2232 τόπον

302 2261 347 2342 κρῖ
371 2258 467 2342 κυρίῳ
488 2251 723 2338 ἆνατεθειμένον
746 2251 894 2335 κυριακὸν
922 2255 1078 2338 λίγεσθαι,
1111 2249 1172 2318 κᾶν
1193 2251 1236 2335 μοὶ
1260 2253 1406 2332 ἐκκλησία

301 2342 399 2422 ἐστίν,
421 2335 495 2404 ἄλλοί
518 2337 654 2426 κρόνους
673 2337 803 2423 ccxlivii
823 2335 924 2425 ἕτερόν
942 2365 970 2404 τι
987 2336 1085 2423 ἱερόν,
1108 2344 1234 2422 quippe,
1257 2351 1291 2398 ut
1310 2340 1406 2398 infert

300 2427 386 2486 idem
402 2427 548 2502 Allatius,
570 2429 714 2487 ecclesiae
733 2427 879 2488 vocabulo
897 2420 970 2503 ναός
986 2429 1105 2509 proprie
1117 2426 1304 2505 intelligitur.
1349 2445 1405 2485 ao-

302 2511 434 2595 demque
450 2532 541 2572 senau
553 2512 781 2593 percipiendum
796 2534 861 2573 esse
877 2522 977 2573 censet
991 2515 1084 2571 alium
1096 2512 1283 2571 balsamonis
1299 2512 1403 2571 locum

303 2597 343 2657 ad
356 2618 422 2657 can.
436 2601 458 2661 2
470 2600 609 2679 Dionysii
623 2597 805 2673 Alexandr„
827 2601 860 2656 in
879 2616 939 2679 quo
957 2592 1095 2682 πρόνὰον
1109 2616 1127 2655 a
1139 2598 1276 2677 proaulio
1292 2594 1405 2655 distin-
1494 2608 1495 2611 ’

302 2685 385 2762 guit,
405 2702 531 2787 esseque
552 2684 654 2742 scribit
674 2678 772 2747 τόσου
789 2681 928 2763 δευτίρας
940 2685 1113 2763 μετανοίας,
1135 2679 1190 2744 τοία
1205 2687 1268 2745 τοῖν
1282 2676 1404 2760 rinoco-
1493 2690 1494 2693 ’

303 2764 405 2849 piros
423 2771 594 2853 iepopevoe.
635 2786 733 2848 neque
753 2779 855 2826 tamen
877 2770 968 2847 plana
987 2770 1041 2826 illa
1061 2768 1095 2826 fit
1106 2788 1147 2827 ex
1159 2769 1197 2827 iis
1209 2768 1283 2826 locis
1295 2768 1403 2825 Allatii

195 2858 288 2918 P692
303 2854 469 2913 sententia:
492 2853 603 2933 quippe
626 2872 696 2911 cum
716 2872 759 2911 ex
781 2852 889 2911 eodem
909 2856 1052 2933 scriptore
1073 2850 1112 2911 ad
1134 2872 1200 2912 cau.
1222 2850 1262 2917 14
1281 2854 1403 2911 concilii

302 2940 442 3015 Nicaeni,
464 2948 496 2996 et
514 2939 548 2998 in
569 2940 667 3016 Epist.
688 2938 826 3017 Gregorii
839 2942 968 3020 Nyaseni
985 2937 1025 2998 ad
1041 2940 1198 3015 Letoium,
1221 2937 1405 3013 ίξαθεντοῦ
1490 2898 1491 2938 t

302 3028 384 3087 ναοῦ
404 3026 521 3083 stetisse
543 3022 698 3083 audientes
713 3022 866 3100 dicantur,
889 3025 941 3083 ubi
957 3025 1009 3082 alii
1027 3023 1152 3103 ἐξαυτῆς
1168 3022 1327 3103 ἐκκλησίας
1344 3020 1403 3081 ha·
1488 2970 1490 3045 ί

300 3110 390 3186 bant,
411 3112 444 3167 in
460 3128 520 3167 nao
537 3128 609 3168 vero
625 3129 681 3167 seu
695 3108 785 3167 choro
798 3110 878 3168 solos
894 3111 1017 3169 clericos
1040 3120 1069 3167 et
1089 3120 1175 3168 extra
1189 3128 1283 3167 naum
1296 3106 1402 3169 fideles
1485 3104 1488 3184 l

300 3195 471 3254 constitisse
486 3193 597 3253 diserte
610 3194 799 3253 silentiarius
816 3193 937 3274 prodat,
959 3214 1020 3253 non
1036 3196 1126 3273 plane
1143 3192 1230 3254 video
1249 3191 1401 3275 quomodo

302 3273 378 3353 ναός
400 3281 440 3339 sit
457 3280 512 3337 illa
530 3299 600 3359 pars
619 3281 707 3337 tertia
722 3277 806 3337 aedis
820 3298 931 3338 sacrae.
974 3276 1082 3338 deinde
1094 3281 1255 3338 Balsamou
1268 3280 1311 3337 ait
1324 3302 1402 3359 repo·

302 3356 399 3436 ναίους
421 3382 526 3422 eorum
550 3366 643 3423 fuisse
667 3365 776 3443 quibus
801 3384 864 3423 nou
884 3365 994 3423 licebat
1015 3360 1218 3444 ἐκκλησιάζειν
1233 3384 1286 3423 seu
1301 3366 1401 3423 eccle·

302 3448 381 3507 siam
400 3446 535 3525 ingredi,
558 3458 591 3507 ut
612 3447 820 3524 audientibue;
843 3448 925 3530 quod
947 3449 1177 3528 intelligendum
1197 3460 1243 3509 est
1263 3447 1301 3507 da
1320 3460 1402 3509 tern-

301 3551 376 3611 pore
390 3551 451 3612 quo
464 3551 547 3592 sacra
560 3533 779 3611 peragebantur
791 3536 947 3613 mysteria:
969 3554 1041 3593 nem
1055 3546 1125 3593 aute
1138 3536 1328 3613 evangelium
1348 3554 1401 3593 eo-

300 3618 427 3676 clesiarn
448 3616 693 3696 ingrediebantur
715 3618 755 3677 ad
773 3638 871 3678 sacras
895 3622 1055 3698 scripturas
1071 3630 1100 3678 et
1113 3618 1253 3680 homilias
1270 3618 1400 3679 audien·

302 3700 374 3776 das3
395 3699 475 3761 unde
494 3697 684 3782 αίκροοίμενοι
698 3702 787 3763 dicti:
809 3714 877 3783 post
890 3706 1079 3783 evangelium
1095 3715 1195 3763 autam
1206 3725 1247 3763 ex
1258 3724 1294 3763 ea
1307 3726 1400 3765 exce-

302 3785 416 3845 debant
426 3797 457 3846 et
468 3789 502 3845 iu
514 3786 656 3847 narthece
668 3790 883 3864 consistebant,
907 3789 980 3848 drun
992 3810 1074 3849 secra
1087 3790 1318 3850 conficiebantur
1328 3810 1399 3871 my-

299 3874 408 3948 steria,
429 3878 493 3935 soie
509 3872 880 3954 pernoctassemus
897 3877 1084 3955 μυστηρίων,
1107 3887 1141 3935 ut
1156 3875 1248 3935 habet
1263 3876 1398 3955 Symeon

298 3954 442 4017 Thessal.
456 3958 534 4018 libro
550 3969 652 4018 contro
667 3957 818 4019 haereses.
859 3960 985 4039 proinde
1000 3964 1147 4019 incertum
1162 3962 1341 4042 relinquitur
1357 3980 1397 4019 an

300 4040 382 4121 apud
394 4044 531 4101 Nicetam
543 4046 576 4103 in
589 4046 671 4103 Men.
684 4044 707 4103 l.
722 4049 745 4109 2
762 4044 878 4119 είσοδος
892 4050 948 4107 τοῦ
962 4041 1100 4124 προνάου
1117 4048 1155 4104 sit
1169 4049 1233 4125 ipse
1248 4044 1331 4105 aedis
1345 4066 1396 4106 sr-

299 4143 369 4186 crae
384 4146 423 4185 an
434 4148 506 4188 vero
519 4129 660 4189 vestibuli
671 4132 833 4208 ingressus.
875 4128 957 4212 quod
970 4134 1052 4189 enim
1067 4133 1229 4191 Balsarnon
1242 4126 1396 4210 προυαὶους

299 4230 319 4269 a
338 4212 482 4292 proanliis
502 4211 675 4294 distinguit,
695 4215 761 4273 fieri
777 4226 875 4295 potest
889 4226 924 4274 ut
937 4218 1109 4295 προααλίων
1124 4236 1197 4275 voce
1212 4218 1395 4275 intellexerit

297 4315 398 4374 anas,
418 4317 498 4379 quae
517 4310 587 4359 aute
606 4298 697 4359 aedes
714 4320 814 4360 sacras
834 4311 985 4380 prostant:
1009 4312 1087 4361 certe
1104 4310 1218 4361 constat
1232 4304 1305 4361 oliru
1318 4324 1394 4381 προ-

296 4375 393 4460 νάους
403 4382 553 4448 eiusmodi
563 4388 638 4448 atria
650 4388 815 4469 appellatr5
837 4388 1028 4469 quenotione
1040 4406 1175 4469 pronaon
1187 4390 1291 4449 matris
1302 4385 1392 4446 deum
