3017 4900
326 299 401 372 122
790 293 963 364 rrtrsvfl

323 465 410 530 libris
424 462 515 544 louge
535 457 672 526 diversus
691 481 710 523 a
730 458 923 544 Theophane
942 461 1095 524 Diaconos
1116 471 1180 541 est3
1208 457 1248 522 id
1270 459 1352 544 quod
1367 463 1414 524 aiio

322 555 391 614 icoc
407 549 667 612 demonstrabitur.

407 635 481 694 ibid.
526 636 623 695 muita
649 643 720 695 sunt
747 629 807 693 hac
828 634 861 692 in
881 630 1081 714 topographia
1099 651 1266 712 perperam
1289 653 1309 692 a
1326 633 1415 694 Theo

321 721 423 803 phane
446 720 606 801 descripta.
654 723 789 802 primum
806 719 878 778 Atel
902 722 1059 799 ingentem
1079 719 1206 778 flurium
1230 722 1344 778 asserit
1362 739 1415 777 cun

322 809 423 868 Tanai
444 809 565 866 misceri
589 816 679 886 atqua
700 808 733 866 in
749 803 933 866 Maeotidem
951 803 1126 864 decurrere:
1148 802 1203 863 sed
1221 816 1317 864 antea
1333 827 1416 864 rursus

322 913 341 952 a
356 893 457 954 Tanai
473 889 630 952 diductum
643 889 812 971 chhinem
823 891 875 949 rel
889 891 989 952 facere
1006 891 1057 950 rel
1069 891 1209 970 excipere
1226 890 1321 968 (uam
1336 890 1416 948 amii-

321 997 380 1058 gue
398 975 564 1060 loquitur),
589 988 680 1058 atque
693 978 728 1036 in
742 978 903 1036 Ponticum
916 995 1080 1046 exonerare
1095 995 1180 1050 sese,
1207 973 1253 1033 ad
1265 977 1415 1054 Necropyia

321 1073 353 1123 et
377 1067 479 1146 Κριοῦ
499 1057 675 1146 πρόσωπον.
716 1073 789 1124 sunt
808 1059 885 1122 haec
911 1063 1027 1141 aegroti
1052 1064 1162 1120 veteris
1185 1064 1323 1122 somnia.
1361 1061 1415 1118 Atei

320 1147 406 1210 idem
418 1157 465 1210 est
482 1169 552 1208 cum
565 1147 632 1208 rtha
645 1149 813 1208 Sarmatiae
827 1149 976 1208 Asiaticae
990 1148 1107 1226 ingenti
1119 1166 1194 1207 sane
1207 1148 1320 1223 fluvio,
1341 1164 1414 1228 quen

319 1235 403 1294 Edel
423 1235 460 1294 ab
483 1235 593 1294 accolis
612 1235 749 1296 Tartaris
774 1231 927 1316 hodieque
947 1235 1099 1292 nominari
1117 1233 1273 1306 referunt,
1307 1233 1345 1290 ab
1363 1232 1414 1288 aliis

325 1321 361 1381 V
355 1319 435 1401 elga.
480 1330 512 1378 at
527 1321 553 1380 is
568 1340 669 1402 raeque
689 1339 760 1380 cum
771 1319 872 1380 Tanai
888 1321 996 1379 miscet
1007 1317 1116 1393 undas,
1136 1337 1241 1400 neque
1255 1319 1292 1377 in
1305 1318 1414 1376 Maeoti-

323 1403 395 1466 dem
408 1401 463 1466 sed
477 1407 512 1464 in
525 1408 701 1486 Hyrcanum
718 1405 845 1486 pelagus
864 1405 1022 1466 evolvitur·
1063 1401 1118 1465 sed
1135 1414 1166 1463 et
1180 1405 1303 1464 falsum
1313 1403 1414 1462 Tanain

323 1491 363 1550 ab
377 1491 500 1552 ibericis
519 1493 606 1574 Pylis
626 1501 678 1551 eut
691 1492 825 1552 Caucaso
842 1492 947 1552 fluere.
989 1488 1073 1571 quod
1091 1509 1164 1550 vero
1184 1500 1359 1550 monstrum
1376 1485 1414 1544 hic

322 1586 477 1658 procreat,
506 1597 576 1647 cum
591 1577 629 1636 ab
643 1577 741 1637 Ateiis
761 1587 793 1638 et
804 1575 921 1637 Tanais
941 1574 1067 1636 divortio
1082 1573 1195 1636 exinde
1209 1573 1411 1654 Cophinarrrir

321 1665 426 1743 Koreai
440 1655 605 1743 πρόσωπον
619 1658 759 1723 derivati
801 1665 890 1745 quasi
902 1660 972 1722 Rha
985 1671 1068 1722 trans
1079 1662 1201 1720 Tanain
1217 1663 1359 1740 elapsus,
1375 1659 1412 1716 ia-

321 1749 458 1808 numeris
474 1749 639 1829 penetratis
650 1750 808 1825 amnibus,
838 1768 875 1809 ao
890 1748 1055 1809 Tauricam
1066 1745 1309 1822 Cherronesum,
1337 1761 1410 1826 quan

322 1833 384 1894 lata
398 1843 453 1908 est,
474 1853 614 1894 emensus
626 1835 660 1894 in
671 1835 833 1894 Ponticam
844 1831 992 1894 decurrat.
1019 1831 1157 1894 inaudita
1169 1833 1265 1913 plane
1278 1841 1348 1893 sunt
1357 1832 1410 1888 ista·

320 1931 353 1978 at
369 1921 452 1978 enim
465 1916 649 2000 Theophani
663 1918 861 1982 condonanda
872 1941 909 1981 eo
920 1921 1018 1999 magis
1030 1916 1107 1992 haec
1117 1920 1289 1994 oscitantia,
1307 1913 1408 1998 quodsi

319 2005 355 2062 irr
367 2002 561 2064 historiarum
575 2007 770 2086 scriptoribus
783 2007 853 2068 aliis
866 2007 1046 2088 plerumque
1055 2005 1117 2064 rel
1131 2003 1208 2064 fides
1221 2003 1284 2064 hec
1297 2006 1330 2061 in
1343 2009 1408 2080 perte

317 2089 370 2146 rel
383 2087 540 2166 diligentia
553 2087 718 2156 deuderert
732 2092 840 2152 celest.
866 2089 922 2152 sed
933 2110 1025 2152 nemo
1039 2090 1073 2150 in
1086 2088 1147 2150 hoc
1156 2101 1259 2150 tractu
1271 2088 1408 2148 ddiaear·

318 2171 360 2232 do
372 2173 555 2234 luculentius
569 2185 646 2232 errat
661 2193 754 2254 quam
776 2178 831 2257 qni
844 2179 1086 2238 accuratissimus
1109 2186 1141 2234 et
1161 2173 1294 2235 habetur
1312 2193 1330 2232 a
1346 2190 1407 2230 nor·

318 2259 413 2318 urrllis
426 2268 457 2318 et
468 2255 575 2318 haberi
586 2258 683 2319 voluit
694 2261 887 2320 Ammianus.
928 2259 981 2320 hio
999 2261 1022 2319 1.
1041 2265 1086 2326 22
1106 2262 1151 2320 sic
1163 2263 1326 2322 Ponticam
1341 2259 1407 2315 illan

320 2347 477 2426 regionem
494 2345 666 2404 narratione
685 2363 742 2404 sua
757 2339 907 2405 deformat
919 2357 955 2406 ut
967 2346 1061 2404 aliam
1071 2365 1113 2406 ax
1127 2348 1188 2406 alia
1203 2357 1328 2427 repente
1341 2343 1405 2400 fece

317 2427 1406 2599 ddmibffipffimffudhhdmrxdquffludhmwdghmmdffi

318 2622 407 2661 arcus
424 2601 499 2663 duos
516 2622 582 2663 esse
595 2603 747 2683 Bosporos
760 2603 881 2679 asserit,
909 2602 1108 2663 cimmerium
1119 2615 1150 2663 et
1161 2603 1342 2676 Thracium,
1360 2597 1404 2655 hot

318 2686 631 2833 euertere
643 2684 1403 2855 uudrtiisssririfflxiirzhie

322 2854 378 2917 dit.
421 2858 489 2939 quis
501 2855 578 2916 adeo
594 2856 797 2939 geographiae
809 2856 911 2935 rudis,
933 2861 987 2940 qui
1002 2860 1036 2917 in
1052 2859 1194 2941 Scythico
1211 2863 1268 2921 illo
1285 2878 1349 2919 arcu
1359 2874 1401 2913 οι·

321 2944 398 3003 aciat
410 2944 497 3001 nervi
513 2944 609 3004 instar·
621 2944 868 3005 Asiaticumesse
880 2945 955 3005 litus
967 2964 986 3003 a
996 2947 1132 3025 Bosporo
1146 2946 1186 3006 ad
1199 2946 1327 3007 colchos
1336 2939 1400 3001 Phe·

320 3031 430 3109 aiuque
447 3028 604 3089 fluriumi
617 3048 654 3089 ac
669 3048 749 3107 cum,
770 3039 805 3089 ut
818 3028 903 3089 idem
915 3030 1065 3111 loquitur,
1087 3030 1248 3112 Scythicus
1260 3048 1343 3092 arom
1355 3028 1399 3083 vir·

321 3114 490 3173 cumdisctsh
508 3116 650 3195 utrinque
662 3116 809 3175 intronata
824 3115 942 3195 pandas
959 3127 989 3174 ιι
1001 3116 1120 3195 ροιοῖὶο
1138 3117 1279 3177 comibus
1295 3113 1398 3195 affigi&

321 3200 415 3259 lunae
427 3200 620 3267 &conuentis
632 3202 791 3273 ostendat,
817 3201 1004 3263 moenem
1023 3213 1107 3261 recto
1126 3214 1156 3261 et
1169 3204 1300 3263 mundo
1312 3194 1397 3277 regui¹

320 3284 486 3357 dividente,
508 3288 642 3365 primum
658 3306 752 3347 cornu
768 3286 808 3346 ab
822 3306 876 3347 ora
888 3284 1039 3347 Thraciae
1050 3288 1085 3348 in
1097 3292 1198 3369 Κριοῦ
1210 3288 1343 3369 μέτωπον
1356 3279 1396 3338 ⁶0·

319 3370 438 3447 sinere,
474 3369 546 3431 inde
565 3372 689 3450 regulae
707 3374 804 3432 instar
826 3382 951 3433 extento
973 3370 1152 3435 Cherronesi
1170 3376 1273 3437 littore
1292 3373 1397 3431 atreum

319 3472 414 3515 cornu
426 3457 614 3536 aliquantum
626 3478 717 3539 supra
724 3459 921 3519 cimmerium
929 3461 1099 3539 Bosporum
1108 3458 1254 3536 inchoari,
1266 3454 1395 3521 indidem*

270 3544 287 3601 .'
320 3560 382 3621 que
395 3542 499 3621 procui
514 3540 553 3599 ad
568 3540 695 3603 Colchos
709 3554 740 3603 et
756 3542 872 3605 Phasin
883 3563 980 3625 usque
993 3547 1117 3625 porrigi,
1138 3545 1319 3605 Maeotidem
1327 3552 1394 3621 pom

318 3628 442 3686 Euxino
454 3630 551 3688 Ponto
563 3648 685 3708 prorsus
697 3628 738 3689 ad
748 3632 984 3711 septentrionem
994 3630 1189 3691 incumbere‘i
1225 3652 1303 3714 quae
1316 3622 1394 3688 omnia

318 3722 479 3791 poetarum
489 3714 730 3794 elegantissimus
744 3717 908 3797 Dionysius
931 3712 951 3780 d
968 3712 1152 3799 περιηγητής
1169 3721 1268 3778 aureis
1284 3708 1393 3774 versibus

229 3808 252 3863 Ρ
268 3808 305 3866 77
322 3798 442 3857 cecinit.
483 3801 602 3881 reliqna
625 3801 708 3881 apud
728 3800 861 3862 eundem
873 3804 1070 3863 annianum
1086 3822 1149 3863 non
1162 3805 1264 3863 minus
1281 3793 1392 3861 ridicula,

320 3882 406 3942 velut
417 3902 487 3943 cum
502 3904 521 3945 a
532 3888 672 3947 Cerambi
683 3890 888 3968 promontorio
901 3892 1085 3948 maritimam
1098 3908 1197 3961 oram,
1225 3892 1307 3948 ouius
1319 3878 1391 3955 Hahs

321 3970 444 4027 initium
457 3982 512 4047 est,
532 3976 619 4033 nervi
631 3976 765 4055 speciem
777 3971 1010 4035 exhiheredicit
1025 3972 1142 4034 duabus
1155 3994 1242 4033 arcus
1259 3967 1391 4033 sommia·

321 4053 402 4113 tibus
422 4054 580 4134 implicati.
622 4062 706 4141 atqui
727 4061 818 4139 longe
838 4070 909 4120 aute
922 4060 1082 4121 Carambin
1100 4061 1152 4119 iile
1172 4079 1281 4121 nervus
1297 4050 1388 4129 iudpii

319 4156 422 4222 nequa
438 4142 532 4222 Halys
546 4143 655 4207 flarius
668 4147 699 4207 ei
711 4148 916 4227 promontorio
933 4144 1010 4207 adeo
1024 4148 1140 4209 ricinus
1155 4157 1210 4206 est.
1250 4145 1329 4205 mitto
1345 4134 1389 4193 οῦδ

321 4244 473 4309 peraeque
484 4228 614 4306 absona,
643 4248 721 4313 quae
733 4234 768 4292 in
784 4228 845 4293 hac
856 4232 948 4294 Ponti
961 4243 993 4294 et
1005 4234 1039 4293 in
1051 4234 1183 4314 Aegypti
1199 4216 1387 4309 demendi*

322 4323 354 4373 et
364 4312 396 4375 in
408 4314 475 4381 aliis
486 4315 733 4389 fermeomnibus
743 4318 930 4383 committere
938 4320 1027 4383 solet.
1048 4328 1139 4405 atque
1152 4330 1186 4381 nt
1197 4336 1239 4378 ex
1251 4303 1387 4391 Theopht·
