3017 4900
261 257 311 329 72
697 254 759 324 DU
784 250 926 322 canon

348 421 399 488 15.
440 415 640 482 stammam
650 437 721 478 rero
735 425 851 476 tantam
862 436 928 478 esse
939 413 1040 497 prodit
1050 414 1230 496 Procopius,
1250 425 1285 474 ut
1294 434 1361 476 nou

261 504 351 567 modo
369 517 466 568 uetera
477 507 559 564 urbis
573 501 707 564 aedifioia
721 504 957 583 superexcellat,
978 499 1033 563 sed
1048 511 1079 560 et
1092 521 1133 560 ex
1147 520 1287 580 supremo
1304 520 1362 560 ue-

155 588 178 643 Ρ
195 587 247 646 533
264 591 310 652 dis
324 596 434 652 vertiue
449 592 519 652 urbs
532 601 595 651 tota
611 587 808 669 despiciatur:
830 587 957 674 ἕπῇριαι
975 584 1032 692 γὰρ
1050 585 1081 661 ἐς
1098 580 1182 664 ὄρεος
1199 577 1362 666 οὐράνιον,
1491 628 1492 643 t

262 671 335 743 ὅσον
356 677 407 742 καλ
428 671 525 756 ὥσπερ
548 679 611 737 τοῖν
629 670 729 739 ἄλλον
746 667 999 774 ολιορλομρμᾶεον
1012 664 1242 735 αποοαλεύοοοα
1256 667 1363 734 tuant-

263 785 382 840 νεοκεν,
415 757 613 843 ὑπερκειμένη
633 763 673 846 τῇ
693 756 767 844 ἄλλῃ
786 763 888 834 πολει,
916 759 1072 837 κοσμοῦσα
1091 753 1148 836 μὲν
1165 749 1281 835 αὐτήν,
1311 750 1363 818 ὅτε

263 842 357 927 oderis
376 847 472 921 ioris,
495 842 680 927 (ὅραϊζοριὲνη
705 842 753 919 δέ,
774 838 823 906 ὅτι
846 836 941 923 usiosis
963 835 1043 906 odos
1063 839 1115 904 ειολ
1136 838 1362 921 λπεμβαλεοοοα

260 936 407 997 τοσοῦτον
425 925 539 1012 dahas,
562 925 638 993 oi'ors
663 924 701 1010 δή
724 927 851 994 ἐνθένδε
864 925 888 1009 ἦ
901 920 989 1001 πόλις
1004 925 1038 990 tn
1051 929 1207 1008 περιωπῆς
1221 918 1362 989 ὁποσαο-

262 1023 371 1080 πεῖιαε.
413 1037 501 1096 porro
526 1013 716 1075 altitudinem
731 1033 750 1072 a
766 1033 885 1073 summa
898 1022 1055 1073 curvatura
1070 1030 1193 1070 arcuum
1209 1007 1362 1092 usquead

260 1103 466 1183 pavimentum
489 1097 824 1180 centumquadraginta
844 1094 1102 1178 duorumpedum
1124 1115 1189 1155 esse
1210 1099 1253 1154 ait
1275 1094 1362 1154 idem

262 1189 398 1266 Gylliust
432 1205 505 1246 nem
525 1183 562 1242 de
584 1205 619 1244 ea
638 1185 707 1244 silet
723 1185 890 1264 Euagrius,
919 1185 974 1264 qui
993 1179 1185 1242 altitudinem
1202 1191 1321 1240 tantum
1341 1200 1363 1240 a

264 1283 365 1330 centro
386 1267 601 1348 hemisphaerii
621 1271 728 1345 refert,
751 1267 789 1328 de
806 1287 867 1349 qua
883 1287 1006 1347 agemus
1021 1268 1111 1326 iufra.
1153 1265 1362 1326 Bondelmou-

260 1358 320 1415 tius
339 1375 410 1414 vero
431 1375 448 1413 a
465 1353 615 1414 testudine
633 1353 718 1416 aedis
739 1353 780 1414 ad
796 1354 1004 1434 pavimentum
1022 1348 1214 1412 ultitudiuem
1232 1371 1298 1413 esse
1316 1353 1362 1411 ait

263 1441 325 1510 144
339 1439 539 1498 brachiorum.
811 1487 814 1490 .

347 1525 398 1588 16.
440 1527 552 1584 Totam
573 1517 655 1582 aedis
677 1529 856 1582 suasuram
883 1522 1020 1582 ambiunt
1042 1520 1207 1580 exteriores
1228 1521 1363 1600 portieus

261 1609 408 1670 columnis
428 1609 603 1668 marmoreis
623 1617 805 1668 sustentatae
820 1609 997 1688 musiroque
1014 1626 1106 1687 opere
1121 1616 1299 1680 exornatae,
1321 1604 1362 1664 de

262 1696 371 1774 quibus
393 1696 493 1753 nescio
518 1712 558 1750 au
579 1693 671 1751 rerba
690 1694 748 1752 ista
772 1694 910 1773 Prooopii
926 1691 1071 1772 capienda
1086 1692 1162 1766 sint,
1184 1711 1223 1748 an
1239 1711 1309 1750 rem
1322 1688 1363 1750 de

261 1780 451 1837 interioribus
464 1777 642 1857 porticibus:
664 1777 710 1852 εἰς
720 1771 871 1852 ἃν-τοὶς
881 1781 1118 1858 tempestuosis
1129 1777 1259 1856 διηγεῖτο
1271 1772 1365 1850 orosio

260 1862 313 1925 καλ
325 1859 379 1936 τοὶς
393 1855 588 1943 περιπόλους
601 1853 705 1939 odi-dc,
725 1855 774 1936 alc
788 1858 805 1926 d
817 1859 893 1936 sede
905 1860 1132 1944 περιβέβληιαις
1153 1859 1192 1918 ad
1202 1858 1366 1921 meridiem

263 1950 345 2007 enim
368 1958 398 2006 et
418 1949 651 2026 septentrionem
665 1943 772 2005 habuit
785 1948 917 2026 poru'ous
931 1948 1109 2020 exteriores,
1130 1955 1165 2005 ut
1182 1956 1212 2004 et
1227 1945 1267 2004 ad
1280 1948 1365 2007 ocei-

263 2031 401 2108 dentem,
430 2029 467 2090 de
488 2031 596 2112 quibus
614 2049 689 2090 snex
710 2033 805 2089 aoturi
827 2051 940 2091 sumus.
982 2051 1055 2090 nam
1077 2029 1117 2089 ad
1138 2032 1283 2090 orientem
1306 2033 1366 2091 vix

262 2115 441 2178 crediderim
463 2118 629 2188 exstitisse,
651 2114 795 2197 quiequid
813 2114 893 2176 dieat
912 2116 1047 2196 Gyllius,
1068 2117 1122 2197 qui
1140 2119 1184 2174 ait
1199 2117 1365 2176 verisimile

261 2222 327 2263 esse
341 2205 430 2262 istam
443 2199 585 2260 οεοὶἆίειο
601 2202 703 2281 aliquo
716 2211 813 2260 terrae
826 2211 929 2278 motu,
949 2203 1104 2282 ipsiusque
1115 2203 1148 2259 in
1160 2202 1262 2260 looum
1275 2204 1365 2260 exei-

260 2297 355 2348 tatam
370 2289 463 2347 fulsse
477 2287 591 2346 molem
602 2287 688 2346 illam
703 2305 781 2367 quae
793 2283 886 2346 hodie
901 2296 1000 2346 exstat
1012 2283 1114 2366 lapide
1125 2285 1271 2368 quadrato
1286 2306 1365 2345 oon·

261 2382 389 2449 structa,
412 2373 495 2432 velut
510 2369 630 2451 crepido
645 2370 757 2431 olivosa
769 2372 885 2431 obieeta
898 2370 939 2431 ad
950 2370 1135 2431 fulciendam
1147 2381 1264 2452 partem
1276 2371 1365 2432 aedis

262 2459 448 2529 orientalem.
491 2460 612 2538 quippe,
635 2460 691 2517 etsi
703 2456 793 2518 aedes
806 2477 907 2517 morae
918 2460 1047 2517 maiores
1057 2460 1219 2538 porticibus
1232 2461 1365 2519 oiroum-

263 2545 344 2623 oingi
367 2544 514 2617 solerent,
536 2541 576 2601 ud
596 2544 741 2602 orientem
754 2553 857 2602 tamen
870 2545 973 2603 nullas
986 2544 1210 2619 excitabantur,
1230 2544 1308 2603 forte
1320 2544 1363 2604 ob

261 2628 389 2687 bernatis
405 2638 434 2686 et
446 2630 625 2687 saerosanoti
638 2628 740 2687 alteris
753 2632 960 2704 reverentiam,
977 2625 1059 2710 quod
1072 2626 1113 2687 ad
1124 2639 1241 2709 partem
1253 2631 1366 2709 templi

263 2714 439 2775 orientalem
455 2731 572 2792 semper
587 2722 666 2788 erat,
687 2732 726 2770 ne
740 2733 777 2772 eo
793 2715 965 2773 coeuntium
978 2713 1111 2773 tumultu
1125 2734 1160 2772 ao
1173 2714 1366 2795 obloquentis

261 2798 360 2877 plebis
374 2796 546 2876 garrulitate
560 2816 642 2856 saera
654 2797 830 2856 facientium
842 2797 1032 2859 sacerdotum
1044 2800 1213 2859 turbaretur
1224 2802 1365 2859 suendo.

262 2880 296 2940 id
321 2885 402 2941 enim
427 2882 498 2941 satis
517 2880 617 2961 prodit
637 2884 801 2961 Procopius
819 2880 857 2942 de
873 2881 1009 2949 Aedif.1
1031 2885 1070 2958 8,
1091 2884 1145 2943 ubi
1158 2886 1366 2964 aittemplurn

148 2973 152 2989 '
263 2968 296 3027 S.
311 2966 468 3027 Miohaelis
481 2968 514 3025 in
525 2966 644 3046 Anaplo
661 2968 774 3047 ubique
787 2970 951 3048 porticibus
966 2970 1164 3028 exterioribus
1178 2972 1259 3048 oiugi
1271 2990 1365 3050 prae-

261 3062 400 3159 terquam
421 3050 460 3110 ad
482 3053 645 3112 orientem:
669 3048 742 3117 otod
758 3048 811 3117 eds
823 3051 902 3118 ossis
914 3050 1086 3135 περιβάλλει
1099 3050 1254 3135 syndetus
1268 3056 1313 3129 ελς
1325 3051 1365 3119 td
1482 3083 1485 3091 ·

263 3160 342 3217 προς
362 3137 401 3201 io
422 3138 602 3203 deuterosios
615 3130 721 3216 μόνον.
762 3140 874 3199 similia
886 3138 979 3199 tradit
994 3137 1031 3198 de
1045 3136 1120 3198 aede
1135 3136 1274 3220 deiparae
1286 3142 1364 3199 llio-

266 3223 478 3303 rosolymitaua
500 3222 521 3287 5
543 3226 582 3287 6:
604 3222 637 3284 oi
658 3220 784 3304 (οιοαλ)
805 3219 1019 3306 περιβάλλουσι
1038 3218 1073 3289 td
1094 3222 1178 3307 lspds
1192 3220 1266 3289 ὅλον
1279 3222 1366 3307 πλὴν

264 3310 320 3386 nir
331 3304 409 3385 ποόε
422 3305 461 3379 to
474 3304 674 3387 τετεαεεὲνοε
686 3310 827 3389 elwrde·
1435 3327 1441 3345 ·

351 3394 400 3455 17.
443 3392 485 3449 At
502 3390 541 3449 ad
563 3390 748 3453 occidentem
764 3392 871 3472 templi
883 3393 1008 3469 valvae,
1028 3391 1128 3474 inquit
1139 3392 1273 3472 Gyllius,
1294 3395 1365 3456 looo

264 3475 407 3535 vestibuli
419 3472 493 3533 duas
506 3477 637 3554 porticus
649 3473 779 3552 habent,
798 3478 988 3551 inferiorem,
1010 3496 1070 3559 qua
1094 3476 1194 3537 aditur
1214 3482 1366 3559 templum

264 3560 355 3639 plano
381 3557 476 3641 pede,
504 3563 705 3639 superiorem,
734 3580 795 3642 qua
817 3560 1061 3642 gynaeoonitides
1089 3564 1175 3621 aulae
1203 3564 1364 3643 adeuntur,

266 3645 369 3706 ambas
387 3655 451 3703 tam
470 3644 576 3723 longas
597 3664 689 3726 quam
700 3646 849 3726 templum
861 3648 972 3723 latum,
993 3647 1093 3727 largas
1104 3650 1212 3727 viginti
1223 3660 1290 3709 ooto
1305 3672 1366 3730 pe-

266 3727 329 3789 des.
371 3730 484 3790 Paulus
505 3730 694 3791 silentiarius
712 3742 792 3813 part.
805 3737 828 3799 2
843 3735 908 3799 r.9
924 3752 1075 3793 marmore
1095 3731 1203 3813 grandi
1225 3747 1366 3797 eoustru-

266 3824 329 3875 otus
345 3817 403 3876 aits

427 3892 596 3979 μηιεδανδς
612 3892 646 3963 d'
662 3896 899 3963 talentumve«
900 3942 1006 3961 ········
1025 3896 1132 3981 oditis,

428 3979 609 4063 δεχνύμενος
624 3980 807 4065 προσιόντας
819 3984 971 4068 damon..
984 3986 1155 4070 θαρέτροες,

428 4072 526 4148 priseo
540 4066 617 4149 izos
628 4064 703 4133 ‘door
719 4061 807 4151 οὖρος
819 4064 971 4154 οἷνᾶειιοριι
984 4070 1114 4137 θέσκελα
1126 4074 1214 4152 mosi.

266 4147 305 4210 de
317 4147 366 4212 his
378 4152 458 4212 binis
470 4152 634 4232 porticibus
648 4152 881 4216 occidentalibus
895 4158 937 4226 ita
949 4168 1103 4238 praeterea
1114 4159 1281 4238 ,Βοαρείιειε
1303 4158 1367 4223 eloi

266 4232 300 4301 til
316 4232 392 4321 πρὸς
407 4230 553 4321 δυόμενον
564 4232 654 4322 ἥλιον
667 4238 824 4325 ἐκπρεπεῖς
835 4240 932 4324 ἕτεραι
943 4242 1028 4309 orosi
1044 4239 1120 4321 tos,
1138 4242 1191 4309 sui
1205 4239 1366 4310 πάντοθεν
