3017 4900
192 293 198 304 ’
263 293 338 372 140
577 283 595 297 ”
697 281 936 362 onumen

260 461 344 524 idem
357 461 415 523 erit
428 477 465 520 ac
480 457 586 531 linere,
606 469 638 518 et
651 457 840 519 soieae‘idem
852 455 935 540 quod
950 457 1072 531 lime'rrm
1093 474 1152 538 qua
1166 455 1275 515 ultima
1289 472 1394 514 voce

260 561 385 610 utuntur
396 547 509 628 passim
526 547 694 626 scriptores,
717 544 791 604 dnm
810 544 848 604 de
867 544 992 604 aedibus
1007 545 1098 604 saone
1111 544 1288 622 loquuntur,
1317 553 1391 599 aut

261 635 300 694 de
316 637 354 694 iis
371 637 425 714 qui
443 630 482 690 ad
498 633 579 712 ipsas
595 649 694 691 sacras
709 630 799 691 aedes
812 633 876 691 voti
893 649 981 690 causa
999 629 1234 709 proficiscuntur.
1278 629 1390 686 Pau-

258 721 340 780 linus
354 723 422 779 Nat.
437 720 474 779 9:

424 821 530 861 ererum
546 802 662 859 mrem
675 801 760 861 mers
775 809 899 880 agerent
914 799 989 858 boec
998 799 1117 878 gandn
1131 799 1220 870 votes,

424 905 480 946 nec
494 906 551 946 auo
566 885 722 945 liminibm
735 888 893 945 miscerent
899 885 1014 964 pocula
1028 886 1149 944 sanetis.

263 983 293 1034 et
308 973 407 1032 infra:

589 1054 659 1114 cede
673 1055 801 1115 nerant

426 1139 583 1198 limitibus
600 1158 729 1218 serpens.

261 1224 335 1286 binc
347 1226 505 1284 familiaris
518 1225 663 1305 loquendi
674 1225 821 1301 formula,
843 1223 1005 1283 adliminat
1020 1233 1191 1283 sanctornm
1204 1219 1377 1301 proficisci,

263 1322 317 1370 aut
339 1331 375 1370 ea
394 1313 532 1386 visitare,
555 1329 624 1368 cum
641 1308 678 1369 de
691 1313 797 1392 iisqui
811 1309 850 1368 ad
864 1329 967 1369 eorum
984 1311 1121 1390 sepulcre
1135 1329 1189 1369 seu
1199 1311 1376 1368 memorias

263 1398 518 1477 peregrinationes
547 1397 707 1455 instituunt
728 1397 820 1456 verba
847 1397 960 1454 iaciunt
986 1399 1153 1476 scriptores.
1195 1413 1268 1451 nam
1293 1413 1375 1452 eum

264 1493 436 1541 sannorum
456 1482 602 1561 reliquiae
621 1499 656 1538 ac
672 1500 795 1561 corpora
809 1483 887 1539 intra
901 1478 1019 1540 absidas
1033 1481 1083 1538 vel
1099 1481 1218 1539 bemata
1231 1481 1264 1536 in
1280 1479 1375 1537 Con-

263 1567 460 1641 fessionibus,
481 1563 581 1626 idest
603 1567 659 1625 aab
679 1570 754 1646 ipsis
770 1566 931 1642 altaribus,
952 1565 1104 1625 recondita
1121 1573 1235 1639 esseut,
1257 1563 1373 1624 fideles

263 1653 296 1710 in
309 1652 463 1711 liminibus
476 1671 531 1710 seu
541 1654 575 1708 in
589 1651 676 1710 solere
685 1653 814 1712 bematis
828 1652 1043 1728 consistebant,
1065 1651 1167 1731 ibique
1177 1669 1281 1729 preces
1294 1669 1372 1710 siras

266 1757 303 1795 ao
319 1747 390 1796 vota
409 1737 615 1795 exsolvebant.
657 1739 825 1797 lticolausr
846 1755 925 1817 papa
945 1740 1031 1816 epist.
1049 1737 1086 1798 8:
1109 1747 1195 1794 tanta
1207 1735 1371 1793 hominnm

266 1820 354 1879 milio
378 1823 558 1899 protectioni
587 1831 678 1899 atque
702 1824 903 1880 intercessioni
927 1822 969 1880 B.
994 1821 1193 1900 apostolorum
1214 1821 1371 1899 principis

266 1908 355 1966 Petri
368 1926 404 1963 ex
420 1903 558 1966 omnibus
565 1905 687 1980 finibus
701 1917 796 1965 terren
803 1909 1031 1986 properantium
1045 1927 1106 1964 sese
1121 1907 1251 1988 quotidie
1264 1917 1370 1965 eonte-

266 2002 352 2061 runt‚
374 2001 511 2070 eiusque
534 1993 568 2048 in
577 1991 678 2066 finem
693 1994 773 2050 vitae
787 2012 860 2050 enee
875 1993 961 2070 apud
976 1995 1038 2050 eius
1052 1993 1160 2050 limina
1172 2002 1262 2050 semet
1275 2013 1368 2050 man-

266 2096 340 2136 sura
360 2084 544 2154 proponant.
596 2077 639 2133 its
660 2079 774 2155 passim
794 2075 876 2157 apud
894 2079 1044 2137 Victorem
1058 2097 1096 2136 111
1115 2079 1168 2136 lib.
1188 2078 1209 2140 3
1232 2078 1365 2155 Dialog„

266 2164 362 2221 beon.
385 2163 514 2221 ostiens.
536 2164 556 2224 8
577 2161 636 2235 49,
657 2161 740 2221 Petr.
758 2163 882 2222 Diacon.
900 2161 969 2222 chr.
984 2161 1118 2227 Casiu4
1139 2165 1197 2237 92,
1222 2173 1252 2220 et
1270 2163 1364 2236 alios;

235 2242 239 2253 '
263 2246 374 2328 quibus
395 2248 429 2304 in
451 2246 526 2304 locis
546 2263 608 2303 vox
630 2245 738 2305 limito
759 2268 814 2327 pro
834 2251 900 2328 ipsa
919 2245 993 2307 aede
1006 2267 1089 2308 sacra
1103 2250 1247 2324 sumitur,
1270 2246 1365 2306 idest

264 2352 335 2412 para
354 2351 408 2412 pro
423 2342 497 2389 toto.
528 2348 714 2411 'quanquam
729 2351 790 2392 non
805 2331 913 2392 desunt
927 2337 981 2414 qui
997 2333 1104 2391 limine
1118 2353 1171 2412 pro
1185 2335 1250 2414 ipsa
1265 2337 1364 2412 prima

267 2414 351 2478 sedis
365 2417 483 2497 porticu
499 2425 587 2497 atque
603 2416 677 2477 adeo
692 2421 767 2498 ipsis
778 2419 892 2479 foribus
906 2421 1035 2499 intelligi
1049 2419 1156 2478 debere
1171 2417 1362 2494 contendunt,

267 2504 302 2561 in
331 2504 439 2583 quibus
466 2502 668 2561 subsistebant
693 2508 934 2584 peregrinantes,
966 2524 1035 2564 cum
1064 2526 1098 2563 eo
1116 2514 1364 2586 prosequerentur

264 2589 350 2647 cultu
368 2590 451 2668 ipsos
467 2596 631 2666 martyres,
656 2599 690 2647 ut
706 2598 736 2649 et
748 2592 847 2670 ipsam
859 2589 965 2649 aedem
981 2592 1019 2649 iis
1034 2607 1151 2650 sacram
1163 2591 1263 2650 subire
1275 2610 1362 2651 tere-

264 2684 376 2732 rentur.
417 2674 563 2731 Paulinus
579 2676 647 2730 Nat.
663 2679 700 2737 6:

506 2758 568 2814 ‘tlte
582 2766 683 2815 erstem
698 2761 752 2837 qni
767 2760 846 2816 tanti
861 2762 991 2818 mreneris
1006 2759 1069 2818 aito

430 2860 525 2899 cenea
532 2843 602 2921 suit
615 2842 747 2916 mnino,
768 2845 873 2902 mediis
887 2846 921 2902 in
933 2844 1089 2904 iirninibrss
1104 2855 1200 2915 stane,

421 2926 564 3007 flensque
580 2928 701 3002 iteum,
724 2929 779 2988 aed
793 2930 922 3005 laetitiis,
942 2930 1028 2989 modo
1043 2929 1144 2989 debris
1161 2931 1274 2989 Sancto

428 3023 501 3072 voto
515 3014 615 3092 refert.

268 3094 323 3157 sed
336 3106 366 3155 et
379 3095 531 3156 interdum
544 3102 624 3177 ipsos
637 3108 737 3179 postes
751 3099 977 3158 osculabantur:
997 3095 1078 3157 unde
1091 3096 1173 3179 apud
1186 3094 1359 3179 Chrysosto-

267 3200 354 3240 mum
367 3184 480 3241 Hamil.
497 3188 517 3248 3
535 3186 566 3242 in
582 3187 667 3263 epist.
681 3184 721 3243 ad
733 3183 902 3244 corinthios
921 3181 1063 3264 πρόθυρα
1079 3188 1138 3247 ‘cci
1155 3188 1237 3248 ruci
1257 3188 1358 3261 φιλεῖν,

266 3270 424 3325 Aratorem
440 3267 462 3325 l.
474 3272 495 3330 2
508 3270 619 3327 Hister.
634 3288 734 3329 sacrae
749 3279 780 3328 et
793 3271 954 3328 Paulinum
967 3272 1035 3327 Nat.
1050 3273 1069 3333 6
1087 3270 1190 3328 oscula
1197 3269 1294 3347 figere
1303 3288 1361 3345 po-

157 3363 182 3418 1’
198 3362 252 3419 586
267 3350 375 3423 stibus,
395 3351 593 3412 Pmdentimn
608 3356 721 3433 Hymu.
736 3360 757 3418 2
771 3364 800 3412 et
815 3356 854 3417 11
866 3354 1066 3432 apostolorum
1078 3366 1106 3411 et
1118 3366 1282 3433 mor-epten
1295 3372 1360 3409 esn-

268 3436 385 3494 ecnieri
405 3436 531 3511 lienum
552 3438 682 3519 denique
699 3438 780 3520 apud
797 3441 973 3519 Gregorium
989 3441 1200 3499 Turonensem
1213 3438 1250 3497 de
1262 3440 1358 3497 Mirsn

268 3523 371 3581 Sancti
393 3522 516 3665 rqarrini
537 3522 558 3586 4
592 3522 642 3587 14.
684 3524 794 3584 timim
819 3526 854 3583 S.
883 3524 1015 3583 Martini
1038 3524 1178 3585 assideri.
1222 3524 1357 3583 Paulinus

267 3608 335 3666 loco
350 3608 402 3667 lau
424 3615 489 3665 ato:

432 3693 575 3750 eremitar
588 3702 658 3750 anta
664 3693 765 3773 sbi-ea,
784 3692 961 3772 aspectibus
975 3692 1174 3773 meniofigic,

433 3787 463 3835 et
475 3776 610 3836 lucrinis
622 3780 704 3859 rigat
717 3798 803 3839 omne
814 3779 924 3852 solum,
943 3800 1003 3859 pro
1018 3779 1122 3837 limine
1133 3789 1237 3837 sarecto

422 3862 521 3941 susus
537 3864 634 3922 humi.

270 3965 343 4004 nam
371 3947 627 4027 quemadmodum
653 3950 707 4030 qui
734 3950 1031 4007 excommunicantur
1052 3956 1081 4005 et
1102 3946 1140 4004 ab
1159 3945 1297 4005 ecclesiae
1312 3946 1354 4001 in·

269 4052 374 4111 gressu
403 4044 558 4109 arcentur,
595 4034 734 4093 dicuutur
754 4056 775 4091 a
796 4032 950 4093 liminibus
973 4030 1112 4090 ecelesiae
1131 4032 1268 4109 separari
1286 4028 1354 4107 apud
1477 4102 1478 4111 ἦ

269 4120 363 4176 beon.
383 4118 513 4178 (latiens.
532 4124 552 4184 3
574 4118 632 4195 43,
653 4122 735 4178 Petr.
755 4122 840 4177 Diae.
860 4119 913 4177 lib.
934 4116 955 4179 4
977 4120 1029 4192 32,
1045 4118 1095 4192 57,
1110 4118 1161 4191 88,
1179 4114 1228 4190 94,
1244 4118 1307 4188 109,
1328 4124 1354 4173 et

271 4203 347 4261 alios
362 4205 490 4281 passim,
513 4204 555 4262 ita
569 4208 793 4284 peregrinantes
810 4202 989 4263 humilitatis
1003 4204 1187 4281 maiorisque
1199 4202 1353 4259 veneratio-

271 4290 319 4350 nis
342 4291 457 4369 gutia,
477 4309 514 4351 ac
530 4292 753 4352 Paenitentiam
773 4292 884 4367 bntar,
905 4290 938 4348 in
959 4289 1033 4367 ipsis
1055 4288 1209 4347 liminilnn
1225 4285 1352 4345 subsiste·
