3017 4900
256 749 287 812 1.
331 703 553 808 Exaediiioato
575 753 607 806 et
623 747 789 815 moenibus,
803 746 895 826 longo
916 743 1095 826 amplificato
1116 742 1281 824 Byzantio,
1300 763 1359 804 re-

258 837 375 914 terique
394 836 475 894 urbis
496 833 698 914 appellatione
716 835 749 890 in
769 852 858 891 auum
873 851 985 901 nomen
997 830 1163 905 censium,
1185 831 1362 890 constanti·

168 947 169 952 .
257 937 315 977 nus
334 921 376 977 M.
401 939 504 979 recens
525 917 725 978 Christianam
749 919 927 998 religionem
947 917 1123 996 amplexus,
1144 935 1223 974 anno
1237 917 1361 995 imperii

257 1007 418 1081 moesimo,
440 1005 588 1084 templum
603 1002 659 1064 deo
674 1005 886 1083 omnipotenti,
908 1005 956 1062 oui
967 1013 1065 1061 totum
1078 1021 1110 1060 se
1124 999 1359 1076 commendaret,

258 1093 426 1166 exstruxit,
449 1089 587 1172 illudque
608 1093 647 1174 τῇ
668 1088 752 1174 Ἁγίᾳ
770 1091 874 1174 Σοφίᾳ
888 1108 942 1147 seu
960 1086 1079 1146 divinae
1094 1088 1259 1165 sapientiae
1274 1085 1361 1144 dica·

258 1177 319 1248 rit,
343 1175 374 1234 id
391 1188 435 1236 est
450 1175 585 1236 christo:
598 1175 706 1250 filium
721 1195 852 1254 namque
864 1174 925 1245 dei,
947 1184 980 1232 ut
992 1176 1033 1232 ait
1043 1175 1193 1250 Rupertus
1205 1170 1243 1230 de
1256 1173 1361 1230 Diria.

258 1261 337 1318 offic.
357 1266 396 1326 10
419 1261 477 1336 15,
501 1262 629 1320 dicimus
644 1281 745 1320 veram
763 1271 792 1318 et
804 1257 1078 1318 incommeabiles·
1093 1259 1285 1335 sapisnuism,
1303 1277 1363 1336 po·

260 1367 354 1426 quam
378 1350 548 1405 raniversam
572 1346 706 1405 condida!
725 1356 904 1404 creaturum.
948 1345 1106 1424 Byzantini
1126 1353 1228 1401 autem
1249 1346 1362 1403 omisso

258 1429 358 1512 ‘Ayt'ug
381 1433 526 1492 vocabulo
550 1433 672 1510 Σοφίαν
696 1429 803 1491 aedem
816 1434 906 1489 istam
921 1428 1002 1488 nude
1016 1427 1209 1508 postmodum
1223 1431 1363 1509 appella-

260 1527 339 1575 runt.
382 1520 468 1577 istius
500 1516 683 1576 conditorem
708 1527 872 1594 agnoscunt
897 1516 1125 1574 Constantinum
1144 1513 1362 1594 Theophanes,

261 1601 424 1678 cedrenus,
451 1603 570 1682 Glycas,
592 1603 705 1660 Paulus
721 1603 845 1676 Diacou.
859 1605 889 1674 2,
910 1598 1096 1680 Nicephorus
1112 1599 1285 1665 Callistus?
1307 1600 1361 1676 49,

262 1698 293 1746 et
314 1698 459 1769 quotquot
481 1689 545 1746 iere
567 1688 752 1746 Constantini
768 1706 815 1746 rea
832 1688 957 1765 attigere
973 1687 1142 1764 scriptores.
1184 1696 1215 1743 at
1228 1682 1363 1745 codinus

260 1791 322 1832 non
337 1771 374 1830 de
388 1794 468 1833 noro
484 1773 631 1832 excitasse
644 1791 787 1850 magnam
800 1772 967 1845 ecclesiam,
988 1769 1044 1830 sed
1057 1768 1164 1829 aedem
1174 1789 1363 1850 paganorum

259 1861 344 1938 prius
360 1861 570 1934 exsistentem,
591 1856 682 1918 idolis
696 1869 725 1915 et
739 1856 865 1916 deorum
878 1857 1044 1915 simulacris
1059 1867 1233 1935 purgatam,
1256 1854 1296 1914 ad
1309 1875 1363 1914 eo-

259 1944 368 2002 clesiae
384 1942 569 2002 Christianae
585 1963 673 2002 usum
687 1943 860 2000 immutasse
875 1943 1102 2001 constantinum
1113 1961 1270 2021 perperam
1284 1943 1364 2000 scri·

258 2031 336 2108 psit,
362 2049 431 2088 cum
447 2027 564 2088 disertis
578 2029 676 2087 rerbIs
691 2026 791 2086 tradat
804 2025 955 2086 cedrenus
973 2046 990 2085 a
1007 2026 1213 2086 fundamentis
1227 2025 1365 2106 Sophia-

258 2133 333 2172 nam
354 2113 526 2173 aedificasse
549 2111 671 2188 aedem,
693 2115 835 2193 illiusque
856 2110 1029 2172 condendae
1048 2110 1220 2191 Euphratae
1240 2111 1364 2172 cuidam

260 2200 298 2257 ab
314 2219 349 2258 eo
365 2220 466 2258 curam
482 2197 703 2258 demandatam.
737 2197 821 2257 aedis
835 2199 1097 2258 constantinianae
1107 2198 1205 2258 forma
1217 2198 1276 2258 fuit
1289 2195 1364 2257 dro-

256 2287 352 2359 mica,
374 2284 407 2344 id
423 2296 467 2345 est
483 2284 643 2366 quadrata,
666 2281 720 2343 sed
737 2285 904 2363 oblongior.
946 2286 989 2342 ita
1010 2287 1092 2342 enim
1114 2277 1260 2364 δρομικόν
1279 2285 1365 2342 acci-

256 2369 405 2451 piendum
426 2381 548 2430 censent
569 2371 705 2451 plerique
726 2389 743 2430 a
763 2368 961 2444 doctioribus,
984 2371 1040 2429 etsi
1053 2371 1183 2428 Allatius
1196 2379 1364 2449 repugnet3

256 2455 338 2515 uude
359 2468 438 2517 recte
460 2454 651 2517 Theodosius
667 2457 849 2538 Zygomalas
871 2454 972 2536 (apud
988 2457 1126 2515 Carsium
1137 2477 1169 2536 p.
1181 2454 1265 2535 201)
1290 2457 1365 2535 δρο-

257 2538 364 2623 μικόν,
388 2541 468 2623 quod
483 2553 528 2602 est
542 2544 630 2621 δίκην
645 2540 818 2623 νάρθηκος,
840 2551 870 2601 et
884 2546 948 2604 πᾶν
964 2539 1108 2621 δρομικόν
1125 2536 1268 2628 νάρθηκα
1282 2540 1365 2601 dixit

257 2628 415 2705 appellari.
458 2627 607 2689 eiusmodi
625 2639 726 2687 autem
748 2638 794 2687 est
815 2625 966 2687 narthecia
988 2647 1044 2687 seu
1063 2628 1177 2686 ferulae
1194 2626 1305 2706 figura,
1328 2636 1365 2686 ut

257 2712 338 2772 infra
365 2712 561 2773 ostendimus.
606 2710 737 2795 denique
763 2707 912 2793 δρομικόν
935 2711 1049 2771 dictum
1074 2711 1194 2771 videtur
1215 2732 1234 2771 a
1256 2710 1364 2773 stadiis

261 2802 420 2875 cursoriis,
445 2802 565 2881 quaein
578 2802 723 2857 maiorem
737 2796 958 2877 longitudinem
973 2816 1065 2878 quam
1078 2796 1269 2856 latitudinem
1288 2818 1364 2879 por·

262 2886 409 2961 rigantur.
452 2904 579 2963 magnae
595 2886 686 2963 igitur
699 2884 842 2942 ecclesiae
856 2885 1117 2943 constantinianae
1127 2885 1255 2943 formam
1267 2884 1364 2943 fuisse

262 2966 428 3029 dromicam
443 2981 568 3029 testatur
585 2968 715 3028 codinus
731 2971 764 3025 in
779 2970 880 3029 Descr.
899 2968 932 3028 S.
949 2967 1091 3049 Sophiae.
1134 2966 1219 3027 addit
1235 2972 1365 3050 Anony-

261 3074 331 3114 mus
359 3066 462 3115 auctor
491 3053 696 3135 descriptionis
721 3053 857 3114 eiusdem
880 3052 978 3130 aedis,
1008 3074 1026 3113 a
1050 3054 1228 3113 combefisio
1253 3053 1365 3131 editus,

262 3138 371 3219 ὁμοίαν
389 3143 482 3201 fuisse
502 3144 557 3203 τοῦ
577 3138 665 3224 cylon
678 3134 875 3221 Ἀνδρονίκου
889 3140 941 3201 καί
955 3144 1012 3202 τοῦ
1025 3136 1113 3221 α’γίοο
1123 3133 1279 3214 Ἀκοκίον,
1302 3160 1364 3221 quo

261 3224 330 3285 loco
348 3230 481 3305 apposite
496 3220 699 3309 ’Λγοθονίκον
716 3246 770 3305 pro
783 3220 995 3305 Ἀνδρονίκου,
1016 3227 1133 3303 reponit
1148 3225 1364 3284 Combefiaius:

263 3311 348 3369 nulla
368 3314 448 3371 enim
467 3312 499 3371 S.
512 3310 675 3370 Andronici
692 3308 782 3370 aedes
797 3313 922 3370 occurrit
936 3322 1086 3370 exstructa
1102 3310 1203 3390 cpoli,
1224 3309 1367 3390 Agatho·

261 3397 324 3454 uici
336 3416 407 3455 voro
421 3416 438 3454 a
454 3398 648 3455 Constantino
661 3395 780 3455 condita
792 3397 902 3475 legitur
914 3395 995 3475 apud
1009 3394 1188 3469 cedrenum,
1201 3395 1366 3475 nNicepho-

261 3486 362 3546 rum?
385 3482 442 3557 49,
465 3479 591 3539 Suidam
610 3482 692 3539 verb.
714 3483 847 3560 Βηρίνη,
869 3492 900 3540 et
918 3480 1067 3541 codiuum
1085 3484 1118 3539 iu
1136 3483 1218 3559 0rig.
1230 3483 1366 3540 hambe-

262 3568 355 3624 cianIs
377 3586 408 3645 p·
431 3568 470 3629 87
493 3577 522 3624 et
542 3565 592 3629 88.
637 3567 689 3645 qui
712 3566 838 3647 perinde
863 3562 1011 3648 dpopssq'v
1033 3569 1127 3627 inisse
1150 3569 1300 3643 scribunt,
1334 3576 1366 3627 et

260 3670 352 3733 quam
377 3650 506 3731 denique
531 3652 564 3710 in
589 3653 792 3731 augustiorem
811 3653 940 3711 formam
962 3654 1124 3713 excitatam
1145 3654 1235 3712 refert
1250 3656 1367 3713 Proco-

259 3739 328 3815 pius
348 3734 384 3795 da
402 3736 504 3797 Aedif.
522 3738 539 3800 1
565 3736 596 3800 5·
638 3740 782 3797 Acaciani
795 3750 898 3797 autem
909 3741 1016 3819 templi
1030 3742 1143 3798 mentio
1157 3748 1203 3797 est
1217 3742 1249 3796 in
1261 3739 1366 3797 Veteri

259 3823 349 3880 Urbis
366 3821 582 3903 descriptione,
605 3823 658 3881 ubi
676 3826 708 3881 in
729 3825 770 3887 10
787 3826 908 3901 regione
923 3827 1078 3898 statuitur,
1100 3825 1167 3883 loco
1184 3824 1366 3903 Heptascalo

259 3919 450 3987 nuncupato,
478 3920 512 3966 ut
534 3918 579 3966 est
601 3906 681 3988 apud
702 3908 857 3967 Socratem
877 3913 897 3971 2
919 3911 959 3974 88
982 3920 1012 3968 et
1032 3912 1052 3973 6
1073 3912 1133 3987 28,
1160 3908 1367 3989 Nicephorum

261 3994 280 4056 8
302 3992 343 4056 38
368 4004 398 4052 et
419 3997 438 4055 9
461 3992 519 4069 42,
544 3991 729 4068 Cedrenum,
752 3994 901 4074 Synaxar.
922 4005 980 4053 etc.

151 4083 174 4139 P
192 4085 243 4143 526
345 4082 376 4141 2.
420 4080 532 4139 Verum
553 4098 622 4137 cum
642 4082 771 4137 nimium
792 4090 919 4157 angusta
939 4082 1004 4138 risa
1024 4091 1103 4139 esset
1117 4080 1367 4139 Constantiniana

261 4159 351 4223 aedes
371 4158 430 4222 nec
448 4166 520 4223 satis
540 4183 652 4243 capax,
684 4166 734 4223 rel
755 4164 852 4244 quod,
881 4176 916 4223 ut
943 4166 996 4222 alii
1022 4166 1142 4240 volunt,
1174 4164 1366 4239 concidisset,

181 4278 183 4281 ·
261 4248 339 4307 forte
363 4270 403 4307 ex
422 4260 518 4307 terrae
536 4250 684 4324 motibus,
713 4252 904 4309 Constantius
926 4251 1113 4309 Constantini
1133 4250 1213 4309 tilius
1235 4248 1274 4309 ad
1296 4268 1366 4308 eam

263 4332 512 4415 amplitudinem,
541 4352 600 4417 qua
624 4334 818 4415 postmodum
842 4347 1000 4417 conspecta
1024 4346 1086 4415 est,
1107 4334 1261 4417 perduxit.
1303 4335 1366 4397 So-
