3017 4900
252 281 326 356 tac
488 293 495 305 “
684 283 748 355 DU
772 281 914 352 cauca

375 447 489 525 κίονες,
509 445 658 530 δμιτμῆγι
671 443 854 530 περισταδδν
867 443 974 530 ἄντυγι
987 440 1102 509 κιίιιλου

378 532 477 614 ὄχθος
493 527 856 614 δερτοίζουτιςδπίρβιον,
879 527 936 605 οδς
950 553 1022 594 ποτε
1037 525 1143 612 Θήβης

264 664 268 672 -
379 619 525 700 Νιιλιιίης
538 616 699 700 ίλδχευσακ
709 613 892 700 ἐϋκνήμιδες
906 616 1026 700 ἐρίπναι
1039 627 1096 676 eto.

252 734 292 796 ad
308 734 366 796 hoc
384 738 476 816 igitur
488 746 627 818 quaturor
639 737 714 796 istae
728 733 860 795 conchae
877 735 1028 794 confectae
1043 745 1127 810 sunt,
1156 743 1191 792 ut
1203 732 1353 813 populum

251 834 417 898 canentem,
439 817 514 884 λοιδυ
528 822 720 901 πολύυμνον;
742 823 931 900 exciperent,
957 818 1091 894 honest,
1113 829 1147 877 ut
1162 821 1353 897 interpretor,

251 909 373 967 clericos
386 917 416 966 et
430 919 575 984 cantores,
597 911 649 988 qui
663 905 735 964 dum
750 909 912 966 missarum
925 905 1123 985 peragebatur
1137 905 1276 983 liturgia,
1299 923 1352 961 sa-

251 993 364 1052 cerdoti
381 995 414 1050 in
434 993 520 1051 altari
537 1013 620 1052 sacra
639 993 762 1050 facienti
776 992 827 1049 vel
840 990 1035 1051 concinebant
1049 992 1100 1048 vel
1118 987 1351 1069 respondebant.

249 1080 283 1136 in
298 1077 387 1136 choro
403 1081 485 1135 enim
497 1098 532 1135 ac
548 1083 612 1161 cupi
627 1087 742 1136 ceterae
757 1096 860 1156 preces
876 1097 928 1149 ac,
950 1086 983 1134 ut
998 1085 1121 1149 vocant,
1144 1073 1235 1132 horae
1250 1075 1352 1132 eccle-

250 1166 387 1224 siasticae
396 1161 638 1241 decantabantur.
660 1182 734 1220 mox
743 1161 827 1220 addit
838 1172 871 1220 ut
881 1162 960 1220 binis
973 1159 1192 1240 porphyreticis
1202 1159 1351 1218 columnis

249 1267 306 1307 sex
321 1250 397 1306 aliae
408 1245 601 1306 Thessalicae
614 1257 861 1326 superponantur,
877 1266 936 1327 qua
950 1249 1094 1325 gynaecei
1112 1266 1165 1304 seu
1179 1247 1352 1324 porticuum

248 1336 436 1412 superiorum
447 1352 517 1410 pars
530 1335 637 1391 ultima
651 1335 796 1411 assurgit,
826 1351 902 1412 quae
923 1333 965 1388 ita
984 1329 1145 1410 dispositae
1166 1339 1235 1387 sunt
1253 1340 1287 1388 ut
1302 1339 1352 1388 ter

247 1419 337 1478 binae
353 1414 389 1476 iis
403 1417 585 1491 incumbant,
607 1417 795 1497 proindeque
812 1414 899 1490 duae,
923 1435 1000 1496 quae
1014 1419 1046 1473 iu
1059 1413 1161 1474 medio
1175 1419 1349 1489 consistunt,

247 1522 342 1562 vacuo
356 1505 389 1560 in
406 1507 474 1561 aira
489 1513 566 1561 stare
581 1523 616 1561 ac
633 1503 717 1561 nullo
737 1499 935 1560 fundamento
953 1501 1054 1560 fulciri
1070 1500 1238 1560 videantur.
1281 1519 1350 1558 me·

246 1590 336 1647 minit
351 1607 469 1647 rursum
486 1588 675 1647 silentiarius
688 1597 765 1666 part.
782 1590 846 1651 2r.
861 1585 902 1652 34
917 1587 1124 1646 columnarum
1137 1587 1263 1646 istarum
1277 1604 1351 1666 por-

247 1671 471 1754 phyretIcarum
488 1676 750 1754 Aegyptiacorum.

331 1811 384 1871 70.
426 1808 538 1880 Reme,
560 1827 614 1866 seu
628 1826 743 1866 sacram
754 1803 834 1865 hanc
847 1815 877 1865 st
891 1805 963 1866 aclis
977 1801 1181 1864 sacerdotibus
1197 1801 1352 1863 addictam

247 1888 331 1951 aedis
343 1902 475 1970 partem,
497 1911 515 1948 a
527 1911 585 1950 nso
601 1893 651 1951 vel
666 1891 757 1950 choro
772 1901 890 1970 separat
905 1892 1088 1964 tabulatum,
1111 1891 1260 1949 columnia
1277 1909 1353 1948 can-

247 1978 332 2036 cellis
349 1974 543 2056 hyperthyris
563 1987 594 2034 et
614 1977 798 2054 imaginibus
820 1974 1014 2050 adornatum,
1046 1995 1084 2034 ne
1108 1977 1291 2056 quibuslibet
1310 1973 1351 2034 ad

246 2081 316 2120 eam
328 2059 428 2120 aditus
443 2071 560 2139 pateat,
589 2058 641 2123 διδ
656 2060 690 2124 ιδ
709 2059 825 2142 μηδένα
838 2061 961 2124 εἰσιέναι
976 2061 1009 2122 δν
1026 2054 1110 2144 stirpi
1125 2059 1230 2137 υίπλιδς
1242 2059 1294 2122 καί
1308 2058 1354 2135 οἷς

242 2145 364 2225 ἔτυχεν,
400 2148 499 2225 inquit
525 2148 692 2205 Germanus
721 2145 888 2225 patriarcha
915 2148 973 2205 GP.
998 2143 1203 2224 Theophanes
1232 2148 1351 2205 Ceram-

247 2229 354 2291 homil.
368 2230 410 2295 55
426 2229 464 2290 de
478 2229 552 2290 aade
565 2233 597 2292 S.
611 2235 693 2290 Patri
709 2233 742 2289 in
759 2232 888 2311 palatio:
914 2227 947 2295 τδ
967 2227 1000 2293 δὲ
1013 2235 1069 2311 τῆς
1083 2225 1217 2311 οἷρρήιου
1233 2235 1354 2309 τελετῆς

247 2318 373 2398 χωρίου,
398 2312 564 2396 μαρμάρου
578 2312 685 2396 θώραξ
699 2323 762 2391 τοῖς
777 2318 907 2399 ἱερεῦσιν
919 2319 1080 2396 capraritias
1095 2313 1149 2380 τδν
1160 2321 1274 2396 χοῖρον,
1296 2311 1352 2394 ἐφ’

248 2393 293 2465 clv
305 2401 384 2464 ἔστιν
397 2396 693 2466 ἒπαααπαιίισθαίτι
706 2403 759 2465 καί
771 2399 844 2483 perci
858 2396 1023 2481 οίσφοιλείας
1032 2395 1155 2465 ἑστάναι
1167 2401 1218 2465 καί
1230 2401 1353 2481 τέρπειν

247 2491 289 2572 τῇ
301 2486 364 2572 θέᾳ
372 2483 429 2567 τήν
444 2484 536 2565 doto·
556 2484 681 2569 κοίλυμιι
692 2486 727 2551 δὲ
738 2494 828 2552 τοῦτο
844 2492 913 2559 τοῖν,
936 2490 1022 2561 εἴτις
1033 2484 1185 2568 προπετὴς
1199 2488 1251 2549 καί
1265 2478 1352 2549 dale-

248 2594 303 2652 ρος
315 2574 387 2634 εἴσω
400 2574 462 2635 τιδι’
476 2566 597 2635 οἷδιίτοου
611 2572 784 2654 ιίπερβῆναι
799 2578 973 2651 φιλονεικεῖ.
991 2572 1160 2631 tabulatum
1170 2572 1251 2633 istud
1265 2568 1352 2653 ίεριίς

247 2659 400 2738 κιγκλίδας
413 2677 467 2716 seu
480 2677 579 2717 sacros
593 2661 741 2718 cancellos
754 2670 863 2717 vocant
875 2655 1061 2737 Nicephorus
1076 2659 1233 2735 Callistus,
1258 2662 1352 2717 loan-

247 2759 304 2801 nes
327 2744 551 2802 Cantaouzenus
578 2746 679 2802 etalii
700 2746 823 2823 passim.
865 2742 1151 2824 Porphyrogeuneta
1176 2746 1212 2822 ἰιιΙ
1233 2744 1350 2802 Basilio

248 2847 276 2886 c.
293 2826 353 2892 65:
383 2827 437 2889 καί
450 2829 485 2891 al
494 2832 557 2890 τιδι’
570 2824 652 2902 δκτδς
665 2829 850 2909 διείργουσαι
863 2824 901 2890 τοί
915 2822 1119 2907 θυσιαστήρια
1131 2830 1278 2911 κιγκλίδες
1293 2827 1348 2891 καί

246 2907 286 2975 τοί
305 2912 339 2975 dv
359 2905 464 2985 αὐτοῖς
477 2915 638 2994 περίστυλα
652 2914 704 2975 καί
720 2910 757 2975 τοί
773 2910 895 2975 ἄνωθεν
910 2907 976 2976 οίον
991 2911 1163 2993 τίπίρθυρα.
1204 2909 1351 2997 κᾶγκελος

246 3000 304 3060 τοῦ
317 2998 464 3078 ίερατείου
478 2995 588 3057 dicitur
600 3000 712 3077 cyrillo
727 2996 974 3079 scythopolitano
994 3000 1027 3057 in
1046 3002 1107 3057 vita
1127 2998 1159 3057 S.
1172 2998 1348 3079 Euthymii3

246 3079 392 3164 κοίγκελος
410 3088 467 3146 τοῦ
483 3087 703 3164 θυσιαστηρίου
723 3086 756 3142 in
771 3083 894 3164 Synodo
910 3082 1093 3143 Chalcedon.
1113 3095 1171 3143 act.
1189 3090 1204 3147 1
1224 3096 1253 3143 et
1266 3082 1349 3163 apud

247 3179 399 3228 aucorem
413 3172 493 3228 vitae
507 3170 540 3228 S.
554 3170 669 3243 Sabae3
693 3169 780 3250 ἕρκος
796 3168 877 3249 apud
888 3170 1102 3245 silentiarium,
1120 3162 1278 3248 δριίφακτοι
1292 3189 1350 3229 seu

248 3249 416 3333 δριίφσιιτοι
430 3254 510 3333 apud
522 3256 724 3314 sozomenum
742 3260 763 3318 7
785 3260 837 3318 27.
881 3256 981 3314 Gloss.
998 3256 1051 3313 Gr.
1070 3274 1118 3313 ms
1130 3258 1259 3333 Regium
1278 3253 1350 3314 cod.

250 3341 352 3402 1673:
388 3336 559 3419 desipuerat
579 3336 618 3402 cd
645 3334 902 3422 διαφράγματαῆ
921 3337 958 3402 τοί
980 3342 1234 3421 περιτειχίσματι,
1264 3332 1352 3403 τοῦτ’

249 3417 457 3497 tutissimos
472 3419 640 3504 κάγκελλοι.
681 3426 742 3483 alio
763 3425 830 3485 loco
850 3422 1042 3506 δρυφάκτους
1062 3426 1276 3509 υτοκαγκίλους
1292 3444 1352 3485 seu

248 3504 332 3565 aedis
343 3526 444 3566 sacrae
458 3510 607 3568 cancellos
619 3520 718 3568 vocat.
742 3508 873 3592 denique
889 3512 1015 3571 cancelli
1027 3512 1078 3569 isti
1093 3510 1233 3570 dicuntur
1245 3507 1352 3573 κιόνιοι

247 3587 318 3671 ἤτοι
333 3590 447 3670 στήθεα
459 3589 497 3655 τοί
510 3595 678 3675 διορίζοντα
692 3590 725 3659 sd
739 3595 825 3676 βῆμα
839 3589 901 3659 clud
912 3601 968 3659 tori
981 3601 1093 3659 λοιποῦ
1107 3602 1185 3659 ναοῦ
1197 3598 1351 3655 Germano

247 3676 433 3757 patriarchae
448 3680 511 3752 ΟΡ,
543 3681 597 3759 qui
615 3691 769 3758 praeterea
786 3669 923 3741 observat
945 3700 997 3741 eoa
1020 3682 1237 3760 utplurimum
1253 3683 1352 3739 fuisse

246 3780 316 3821 aera
334 3764 456 3837 fusiles3
489 3763 657 3823 cuiusmodi
679 3767 764 3824 fuere
789 3768 914 3825 cancelli
937 3765 1019 3847 apud
1034 3769 1168 3826 Leonem
1189 3770 1252 3828 Ost.
1274 3764 1351 3825 Chr.

246 3848 347 3907 Oasin.
362 3854 382 3915 8
404 3854 462 3914 33:
485 3850 567 3929 fecit
581 3853 683 3930 r'thue
696 3862 726 3909 ct
736 3851 886 3911 cancellos
899 3852 1014 3933 fusiles
1024 3873 1060 3910 εκ
1073 3872 1142 3910 aere
1154 3864 1225 3911 ante
1237 3852 1352 3923 altare,

245 3932 359 3991 scilieet
379 3936 457 3993 inter
474 3936 599 3995 cleonem
621 3948 650 3993 et
669 3938 796 4015 adytum
813 3938 996 3997 εσοσιιοιιιίοο.
1042 3939 1190 3998 cancellos
1211 3934 1351 4018 lapideos

245 4014 338 4077 habet
353 4037 380 4078 c.
397 4038 481 4101 seq.,
513 4030 669 4100 argenteos
689 4042 762 4082 vero
777 4026 954 4083 Anastasius
967 4027 1000 4081 in
1016 4023 1048 4083 S.
1066 4024 1211 4083 Silvestro
1229 4034 1259 4081 et
1277 4023 1348 4082 aliis

245 4103 338 4180 locis,
359 4113 395 4162 ut
408 4115 439 4162 et
451 4106 617 4184 Cyprianus
629 4109 663 4165 in
679 4111 741 4166 vita
757 4110 790 4169 S.
808 4111 939 4169 Caesarii
954 4111 1068 4168 Arelat.
1086 4110 1191 4190 quales
1204 4110 1349 4167 exstitere

247 4190 373 4247 cancelli
387 4189 516 4250 bematis
526 4193 560 4249 in
576 4190 652 4250 aede
667 4190 836 4274 Sophiam,
867 4213 996 4276 qnorum
1014 4212 1049 4253 ea
1068 4194 1126 4254 fuit
1147 4196 1295 4273 elegantis
1311 4202 1349 4252 ut

138 4280 160 4333 Ρ
177 4275 231 4339 583
246 4292 308 4333 uon
330 4275 428 4336 eboris
452 4286 506 4336 aut
525 4279 683 4340 mutuaris
703 4280 754 4341 rel
778 4283 856 4341 aeris
879 4281 1041 4363 quicquam
1062 4280 1095 4339 iu
1114 4281 1152 4342 iia
1167 4291 1262 4358 auat,
1289 4275 1349 4339 sad
