3017 4900
244 366 324 418 xm
707 344 882 430 contet]

245 513 374 594 collegio
395 514 541 591 Annaeo,
562 515 612 573 coi
631 512 737 575 titulae
759 514 798 575 rit
824 510 992 573 Chronioon
1007 530 1042 571 ee
1059 511 1169 574 Pisida
1184 518 1216 571 et
1233 512 1346 591 Gyrillo

245 618 429 695 doenpbrm,
450 617 520 698 quir
537 627 641 676 taman
661 628 778 677 tantem
791 614 914 677 habebit
928 616 1014 675 titulo
1026 612 1118 675 fidem
1132 624 1167 675 ut
1180 617 1207 675 ei
1221 620 1347 697 acquie-

244 732 326 797 ecet,
345 738 405 779 nec
424 723 526 800 potine
545 718 702 780 addubitet
716 740 753 781 ee
767 721 892 778 nonina
906 720 1096 779 amanuensis
1111 719 1234 779 arbitrio
1248 738 1348 799 appo-

244 826 302 885 rita
320 844 387 885 eree
400 825 497 899 libro,
519 842 590 882 ctnn
604 841 662 882 nec
674 824 743 904 quir
757 823 848 881 fuerit
860 822 991 901 cyrillae
1004 840 1060 883 nco
1072 820 1153 903 quod
1168 822 1209 881 rit
1223 820 1350 881 chroni-

245 944 302 987 con
321 925 442 987 Pisidae
463 924 641 984 attributum
659 923 780 984 aliunde
800 922 988 985 introteroati
1031 923 1086 984 red
1110 926 1184 985 aliar
1203 928 1295 984 etiam
1307 926 1349 985 de

92 1051 119 1105 p.
135 1031 228 1090 XXIV
244 1028 304 1091 boc
318 1029 427 1089 tiotioio
440 1027 580 1089 chronico
594 1026 705 1087 redibit
715 1046 826 1087 sermo.
869 1030 905 1087 in
915 1026 1076 1087 chronicon
1086 1026 1233 1088 Parchaie
1245 1040 1349 1089 autem

245 1132 325 1193 nibil
343 1131 382 1193 de
396 1150 453 1193 etro
468 1132 631 1191 oontttiim
652 1130 787 1192 Piridrnr
806 1128 987 1191 confidenter
1007 1134 1186 1191 metimur:
1208 1134 1349 1213 qnamrir

247 1240 330 1297 eninr
350 1236 406 1319 (art
425 1252 495 1295 corn
512 1236 728 1312 Der-Frernio',
743 1238 804 1317 qni
823 1252 933 1294 novem
947 1231 1073 1293 huiusce
1088 1233 1225 1295 chronici
1238 1234 1350 1297 editio-

247 1358 319 1399 nom
334 1337 507 1414 adornavit,
527 1336 636 1419 loquar
650 1335 758 1418 Praef.
769 1356 806 1418 p.
821 1336 862 1417 8)
883 1340 989 1417 negari
1010 1336 1074 1396 iere
1092 1356 1155 1397 non
1174 1341 1268 1418 poerit
1280 1341 1348 1398 einr

248 1444 348 1523 operio
365 1444 602 1501 continuatorem
615 1441 672 1500 rab
684 1440 825 1499 Heraclio
835 1442 965 1516 vixisse,
985 1450 1052 1499 tum
1066 1439 1149 1521 qnod
1161 1442 1231 1501 libri
1241 1444 1348 1501 titulun

248 1546 282 1603 in
300 1542 368 1604 cod.
386 1544 530 1605 Vaticano
545 1555 580 1604 et
588 1548 622 1603 in
637 1540 727 1603 codd.
743 1540 945 1603 bibliothecae
958 1543 1050 1623 Regio
1063 1542 1210 1605 Chedrolioi
1222 1542 1301 1603 iliud
1311 1547 1349 1603 in

248 1664 364 1706 ennom
378 1652 421 1713 20
443 1648 576 1709 Heraclii
596 1648 647 1708 rel
668 1658 747 1705 corto
769 1646 803 1705 in
826 1647 909 1705 illino
928 1655 1064 1725 tempora
1081 1644 1216 1707 dminm
1227 1651 1347 1725 manat,

248 1759 315 1807 trun
335 1748 514 1831 qaod'qoeo
533 1750 572 1809 da
592 1749 857 1829 eodem.Angnrto
878 1752 1001 1830 eiusque
1013 1752 1105 1828 gentio
1116 1760 1286 1827 narrantur,
1309 1768 1348 1811 aa

249 1847 380 1933 deniqne
400 1857 569 1933 ascriptae
587 1852 769 1933 prolixiores
788 1854 932 1932 epietoloe
947 1850 988 1911 ed
1004 1855 1164 1913 Persarum
1180 1869 1284 1933 regern
1297 1856 1350 1915 rel

246 1953 405 2035 toparchae
426 1964 483 2015 etc.
525 1955 560 2015 id
583 1954 730 2015 madeant
749 1958 889 2031 omnino,
917 1966 1020 2015 teman
1036 1972 1099 2015 non
1117 1954 1201 2015 inde,
1213 1958 1351 2037 seqnitur

246 2059 411 2136 Georgium
437 2052 593 2134 abidam,
627 2055 710 2140 qood
735 2054 844 2117 eodem
870 2058 1007 2117 Heraclio
1036 2060 1203 2139 imperante
1225 2058 1348 2133 vixerit,

246 2158 381 2219 chronici
401 2170 554 2221 auctorem
573 2156 679 2221 baberi
702 2161 821 2225 dobere.
865 2156 924 2220 dno
944 2171 1127 2221 autemront
1140 2177 1218 2243 qaae
1233 2160 1350 2220 freinnt

246 2272 281 2321 nt
297 2264 427 2323 libenter
441 2261 645 2325 Dn-Frernio
660 2268 874 2342 assentiemur,
896 2266 1029 2345 primum
1046 2262 1128 2346 qaod
1145 2267 1178 2323 in
1193 2266 1245 2339 iis,
1267 2280 1349 2343 quoe

247 2362 286 2422 de
300 2364 440 2426 Heraclio
453 2366 640 2428 in-obronico
654 2365 723 2429 fine
736 2378 913 2445 narrantur,
940 2384 979 2427 ne
996 2386 1056 2427 aaa
1074 2364 1199 2450 qnidam
1213 2382 1278 2424 vox
1293 2383 1350 2423 oc·

246 2471 346 2528 currat
360 2485 378 2528 r
392 2469 495 2530 Pisida
509 2472 547 2531 do
559 2473 669 2533 iisdem
682 2473 771 2532 robur
783 2483 890 2552 agente
905 2483 1065 2552 aromata,
1087 2477 1122 2530 ut
1134 2473 1229 2529 coivir
1242 2487 1350 2528 narro-

246 2573 361 2632 tionem
382 2571 516 2634 chronici
535 2574 575 2634 da
597 2575 679 2636 bello
698 2573 827 2636 Abarico
840 2597 876 2655 p.
893 2579 956 2639 392
976 2572 1097 2633 Pisidae
1114 2575 1280 2634 miserenti
1298 2573 1351 2632 flet

125 2719 130 2736 1
246 2677 459 2753 manifestorn3
481 2677 794 2760 praeterquamquod
816 2677 947 2737 chronici
969 2675 1057 2740 ttilue
1077 2671 1141 2736 tona
1160 2675 1245 2736 mdir
1259 2687 1350 2736 artat

192 2837 197 2848 ,
247 2779 434 2858 iocomptnr,
455 2791 491 2838 nt
501 2777 647 2862 qnantum
661 2783 733 2841 iicet
744 2781 921 2841 hlstoticum
934 2787 1039 2861 portae
1052 2797 1241 2861 comparare,
1263 2779 1349 2838 nulio

248 2879 342 2941 modo
352 2882 492 2942 videatur
499 2881 620 2943 Pisidae
634 2888 803 2945 contenire.
847 2883 956 2946 deinde
968 2895 1083 2961 antem,
1105 2894 1140 2942 ut
1152 2879 1209 2964 par'
1221 2895 1269 2944 ast
1283 2903 1350 2943 cre·

249 2984 337 3062 dere,
359 2989 385 3046 ei
404 2990 501 3047 nostri
511 2989 635 3068 Georgii
651 3004 726 3067 open
740 2999 818 3047 erret
834 2983 994 3047 chronicon
1007 2983 1169 3064 Panchaia,
1191 3005 1255 3047 non
1266 2991 1294 3048 ir
1309 2985 1351 3046 od

248 3108 363 3149 onnam
373 3095 417 3156 20
430 3091 560 3151 Heraclii
572 3101 691 3150 tentam
705 3090 782 3150 iliad
796 3094 1006 3172 protraxisset,
1027 3099 1059 3149 et
1069 3107 1119 3150 ree
1134 3091 1271 3150 Porsiere
1280 3098 1351 3170 poet

248 3196 436 3254 interiectam
454 3196 541 3253 illam
563 3195 602 3254 de
620 3195 768 3254 Abariboa
789 3191 912 3274 longam
927 3206 956 3255 et
971 3198 1121 3253 minatam
1138 3199 1348 3254 nomannor-

246 3301 311 3359 iam
323 3310 387 3358 tane
403 3301 482 3358 eicco
496 3297 574 3377 pede
587 3300 757 3373 mosset,
779 3293 834 3356 red
847 3299 935 3377 plara
949 3293 1071 3358 omnino
1086 3291 1124 3357 de
1139 3301 1232 3378 gestie
1249 3301 1349 3356 Herr-

247 3403 300 3461 clil
314 3405 348 3460 in
362 3400 528 3460 chosroam
540 3404 754 3480 congeminet,
776 3411 807 3458 et
822 3403 881 3460 alia
896 3415 974 3482 qaae
985 3411 1055 3482 port
1065 3401 1181 3460 bellom
1193 3404 1352 3461 Panicum

246 3523 391 3580 evenere,
413 3515 582 3564 memorato
595 3505 687 3584 plano
702 3499 809 3582 dtgna,
833 3508 995 3584 attigisset3
1025 3521 1093 3564 cuna
1108 3521 1148 3563 err
1161 3511 1302 3584 poemate
1316 3505 1352 3560 in

112 3651 116 3661 ·
246 3611 394 3670 severam
423 3617 543 3687 pateat,
574 3610 679 3688 quanti
704 3606 789 3665 idem
814 3601 917 3667 Pisida
937 3607 1076 3668 iacienda
1099 3625 1164 3668 esse
1187 3606 1351 3682 censuerit,

245 3731 324 3794 quae
334 3729 389 3792 pro
401 3711 610 3770 ecclesiasticis
625 3712 831 3770 controversiis
846 3711 1061 3791 componendo
1073 3718 1141 3792 post
1153 3729 1260 3792 ponam
1276 3727 1351 3769 cnm

245 3816 333 3876 sime
347 3818 510 3874 Persarum
523 3833 594 3893 rege
606 3814 756 3872 firmatam
771 3816 833 3892 egit
843 3815 1015 3893 imperetur.
1058 3817 1120 3872 iam
1131 3834 1202 3876 vero
1217 3813 1350 3874 &mno-

247 3916 397 3998 graphmn
409 3936 471 3978 non
482 3918 577 3976 saitae
590 3915 725 3976 Pisidam
736 3918 843 3993 focile,
866 3921 987 3996 opinor,
1009 3919 1067 3976 ribi
1078 3921 1207 4000 quiaque
1220 3933 1349 3998 persna-

247 4019 347 4080 debit:
380 4020 435 4080 red
455 4018 708 4100 iambographnm
728 4024 827 4100 egisse
845 4038 937 4082 nemo
960 4041 1051 4082 senua
1074 4023 1208 4102 negabit.
1252 4035 1350 4101 quere

248 4122 325 4206 quid
338 4121 588 4204 respondebimus
597 4127 633 4196 Q.
647 4126 793 4203 Septimio
809 4125 940 4186 Florenti
956 4124 1141 4200 Christiano,
1165 4127 1218 4206 qui
1235 4122 1350 4182 idcirco

251 4231 281 4288 ei
300 4228 433 4287 attribuit
451 4228 624 4306 potmation
642 4232 874 4288 araonomicum
894 4228 932 4288 do
954 4227 1091 4308 Sphaera
1098 4271 1111 4302 ,
1146 4227 1231 4309 qood
1260 4235 1348 4286 antee

250 4333 307 4393 aab
330 4328 523 4413 Empedoclis
544 4331 594 4390 vel
613 4333 759 4391 Demetrii
779 4333 918 4394 Triclinii
936 4337 1059 4392 notnlna
1073 4329 1209 4392 ediderat
1225 4329 1349 4390 Paeon
