3017 4900
271 333 346 407 110
705 333 767 401 DU
792 329 932 400 GANGll

269 498 401 562 conchae
414 497 549 559 marinae
558 495 670 577 figam,
699 517 793 579 quam
806 469 985 579 effingebat,
1005 513 1119 558 nornen
1134 508 1180 559 est
1195 499 1319 576 sortite,
1340 510 1378 559 ut

270 598 374 648 auctor
386 598 432 646 est
444 588 632 646 silentiarius
646 603 677 642 v
691 588 773 649 226·
1490 595 1491 600 ’

394 666 505 779 κόγχας
516 675 611 733 ταῦτα
623 665 744 751 κάρηνα
754 667 851 778 pascal
865 664 1024 750 τιχνήμοντ
1032 664 1131 778 stiipe

399 750 703 837 οίνίοιςῆνίοίξαντο·
729 751 813 820 ett'
827 750 961 862 ιίτρεκίς,
984 749 1076 816 είτΗ
1056 753 1117 819 ατί
1134 748 1246 840 κόγχου

398 843 533 906 εἰναλίου
547 841 688 904 nuovo
702 836 854 924 δαήμονες
871 833 961 904 τίτΗ
940 863 1001 904 ατο
994 835 1131 922 τέχνης,

399 922 488 990 ατίτοί
500 949 562 990 που
574 921 709 990 δεδίασι.

271 1016 314 1073 ita
329 1033 417 1093 porro
434 1014 533 1073 efficta
546 1023 610 1071 erat
622 1011 736 1072 concha
749 1009 921 1092 Sophiam,
951 1020 986 1069 ut
1005 1011 1062 1070 etsi
1074 1015 1162 1070 urtica
1176 1031 1305 1092 snper-ne
1320 1032 1382 1094 ap-
1490 987 1491 1022 ³

273 1111 409 1180 pareret,
430 1103 525 1159 trinos
540 1109 641 1157 tamen
655 1118 791 1158 recessus
806 1101 935 1177 operiret
949 1116 984 1154 ac
995 1095 1121 1175 proinde
1136 1097 1287 1178 triplicem
1301 1119 1383 1160 con·-

274 1184 364 1244 cham
376 1185 517 1244 efficeret.
560 1185 749 1243 silentiarius
765 1194 840 1289 part.
857 1185 918 1246 iv.
934 1183 1014 1244 272·

402 1294 445 1344 τις
459 1267 483 1348 ἦ
495 1267 551 1350 μίν
563 1263 794 1348 flutdsolrror'
774 1293 813 1332 αν
814 1267 933 1332 inroras
947 1259 1069 1350 ἠίρν’
1033 1289 1136 1349 τογχη,

401 1349 529 1433 durities
546 1349 729 1418 οίντίίλουαα
745 1356 816 1436 μία,
837 1359 984 1438 τριααοῖοι
999 1351 1031 1417 δὲ
1046 1352 1170 1430 κόλποις

401 1439 513 1521 νέρθεν
525 1439 738 1520 ίττεμβεβαοῖα.

275 1535 306 1585 et
322 1545 412 1588 versu
426 1527 489 1584 iam
501 1524 641 1584 laudato:

399 1630 507 1719 spectro
499 1607 576 1689 μίν
586 1605 754 1675 devotensis
767 1602 972 1672 ἀναπέπταται
984 1605 1069 1671 ivise
1082 1606 1192 1690 τοίχων

575 1707 632 1754 etc.

276 1781 330 1840 ubi
319 1690 700 1854 ‘satidhiidhdriinfemm
723 1799 777 1838 seu
792 1777 847 1853 sub
861 1774 991 1837 conchae
1003 1777 1205 1856 volutatione,
1229 1788 1291 1839 tres
1305 1797 1383 1840 οοτι-

276 1865 348 1926 chas
365 1869 527 1943 contineri,
556 1885 634 1946 quae
656 1867 745 1924 unica
761 1845 906 1944 sphaerae
921 1873 1027 1944 quarta
1038 1873 1122 1943 parte
1137 1866 1327 1924 continentur
1345 1885 1384 1924 ac

277 1963 486 2032 conteguntur.
540 1955 637 2013 annos
673 1953 746 2010 istos
780 1967 914 2008 recessus
942 1949 1022 2008 belle
1049 1946 1205 2031 descrIpsit
1232 1953 1384 2012 Paulinus
1490 1971 1491 2026 ζ

273 2041 342 2099 Nat.
361 2041 418 2103 1οι

440 2131 485 2180 ert
496 2123 587 2179 eniam
598 2121 735 2179 interime
747 2120 819 2178 sinu
832 2119 956 2177 αταίονίν
969 2121 1004 2177 in
1019 2119 1096 2178 aula

438 2209 532 2266 insr'ta
544 2205 622 2265 cella
629 2205 755 2287 procul,
778 2205 946 2286 quasifils'a
958 2203 1100 2264 culmhair
1113 2209 1190 2277 cirre,

440 2293 559 2351 stellato
569 2295 702 2371 spatiosa
717 2293 801 2363 sinu,
823 2292 959 2372 irritoque
970 2309 1087 2350 recessu

442 2378 593 2458 dispositas
605 2379 729 2436 anama
743 2377 827 2435 ίοαία.

277 2473 309 2524 et
322 2463 419 2543 Epist.
438 2466 479 2528 12
494 2464 532 2523 ad
545 2466 691 2525 Severum
701 2481 710 2521 t
726 2472 907 2542 prospectem
918 2482 988 2523 vero
1002 2460 1146 2522 hmanas
1153 2504 1165 2534 ,
1189 2480 1251 2520 nou
1266 2471 1304 2519 ut
1316 2463 1387 2521 uei-

277 2551 369 2607 ruts'or
380 2568 444 2608 naor
456 2560 512 2621 est,
532 2550 587 2609 sed
602 2550 647 2609 cd
657 2550 773 2608 dommi
792 2552 853 2607 met
865 2549 1055 2630 beatifils'cis
1071 2548 1229 2607 amanam
1237 2549 1387 2625 putiau,

277 2636 453 2694 nunwriam
474 2638 537 2694 etue
558 2638 725 2714 asparem:
756 2645 858 2693 tarsen
882 2656 952 2694 cum
971 2634 1091 2694 duobus
1110 2632 1199 2693 laeva
1219 2634 1388 2712 dextraque
1490 2640 1491 2655 ¹

278 2719 435 2779 conchulis
447 2722 529 2779 intra
540 2724 706 2800 spatiosum
716 2722 767 2778 saci
778 2718 927 2779 ambitum
938 2724 1021 2799 apsis
1031 2723 1153 2779 curuata
1165 2720 1297 2789 laxetur,
1319 2740 1388 2777 ταντα

278 2816 390 2865 aarum
403 2804 574 2864 hamtona·
594 2807 708 2865 horum
732 2804 918 2865 cabilationis
933 2808 1062 2865 constiti
1076 2816 1176 2885 patet,
1204 2806 1303 2863 altera
1311 2816 1388 2881 poet
1490 2868 1491 2881 χ

278 2890 462 2951 medatem
476 2894 668 2971 ceparisina
680 2902 811 2968 receptat
825 2903 957 2951 ovantes.
1001 2894 1152 2973 triplicem
1173 2892 1266 2970 igitur
1282 2908 1387 2949 reces-
1490 2940 1491 2949 ,

280 2998 349 3037 sum
363 2974 468 3036 habuit
487 2976 601 3037 concha
615 2979 673 3037 snb
684 2976 792 3036 eedem
807 2980 1077 3053 concameratione,
1105 2980 1251 3037 maiorem
1269 2986 1301 3035 et
1314 2994 1388 3034 me-

281 3060 383 3139 dium,
408 3064 441 3121 in
457 3083 518 3145 quo
532 3073 596 3122 erat
612 3082 695 3123 sacra
708 3082 814 3123 mensa
827 3074 857 3123 et
869 3062 1058 3123 sacerdotum
1071 3062 1158 3123 sedes
1173 3082 1226 3124 san
1240 3059 1388 3141 synthro-

280 3168 355 3224 nus,
378 3145 453 3209 duos
467 3160 621 3229 praeterea
638 3151 713 3209 alios
727 3152 876 3225 minores,
906 3151 1033 3209 alterum
1055 3146 1096 3207 ad
1111 3148 1249 3207 dextram
1266 3166 1322 3206 seu
1335 3168 1388 3205 se-
1490 3168 1491 3179 ι

281 3236 491 3313 ptentrionem,
505 3256 599 3316 quem
612 3233 779 3316 prothesim
790 3236 947 3309 vocabant,
967 3237 1095 3293 alterum
1107 3233 1147 3293 ad
1163 3238 1317 3295 sinistram
1331 3252 1388 3292 seu

280 3318 449 3394 meridiem,
472 3318 867 3400 diaconicnmappellatum,
890 3324 935 3380 uti
951 3340 1026 3379 mox
1040 3320 1242 3379 ostendemus.
1274 3336 1388 3399 quem·
1490 3338 1491 3353 ι

282 3401 447 3463 admodum
464 3417 567 3464 autem
579 3416 610 3464 et
622 3425 714 3487 quare
727 3407 840 3485 triplex
853 3404 966 3465 concha
981 3406 1078 3464 efficta
1090 3406 1190 3479 fuerit,
1206 3408 1249 3464 sic
1261 3415 1388 3463 narrant

280 3491 425 3569 postremi
438 3509 505 3548 aeva
493 3492 667 3549 Graeculi.
698 3490 821 3551 uadunt
836 3495 947 3573 quippe
964 3489 1140 3551 architectos
1153 3510 1273 3551 sacrum
1284 3490 1387 3565 bema,
1490 3506 1491 3537 t

280 3594 336 3635 seu
351 3576 452 3655 potius
467 3571 502 3637 ed
518 3570 606 3657 ἅγιον
618 3572 847 3657 θναιαατήριον,
868 3576 928 3637 hoc
941 3587 986 3637 est
1000 3596 1066 3636 eam
1080 3579 1209 3637 bematis
1222 3578 1364 3656 partem
1355 3594 1389 3633 ru

303 3680 343 3720 ue
358 3662 452 3719 altare
467 3664 558 3719 statui
571 3662 657 3737 solet,
681 3661 887 3723 aedificaturos
901 3662 938 3723 de
951 3664 1088 3723 lumine
1079 3684 1113 3722 ττι
1127 3662 1204 3722 illud
1217 3664 1390 3721 immitten-
1490 3672 1491 3677 ’

281 3678 349 3805 dc
339 3748 472 3805 invicem
492 3744 692 3824 deliberasse,
725 3768 761 3807 ac
784 3751 916 3827 primum
939 3748 1062 3833 quidem
1085 3753 1209 3807 unicam
1229 3744 1389 3822 concham,

282 3850 375 3912 quam
388 3856 491 3910 μοακα
505 3831 718 3913 μονοκάλαμον
734 3846 855 3909 vocant,
885 3837 936 3894 vei
954 3839 1044 3894 unius
1060 3837 1188 3911 tenoris,
1217 3853 1272 3913 per
1293 3851 1390 3913 quam

281 3916 574 3994 luxadmitteretur,
604 3919 748 3979 conficere
764 3880 916 3980 statuisse.
938 3924 1125 4001 praecepisse
1139 3940 1210 3979 vero
1220 3924 1389 3997 imperato·
1490 3914 1491 3987 f

282 4022 349 4061 rem
370 4004 432 4083 (ita
454 4008 534 4063 enim
558 4004 712 4083 eodinus)
737 4004 889 4085 duplicem
909 4006 1079 4065 aedificari:
1116 4008 1222 4065 verum
1243 4006 1389 4063 restitisse

284 4086 470 4163 architectos,
483 4088 565 4170 qnod
576 4093 660 4150 locus
674 4092 727 4149 ille
739 4094 833 4150 nullis
848 4094 1046 4153 exterioribus
1059 4092 1200 4151 suffultus
1215 4100 1293 4151 esset
1306 4089 1389 4168 lapi-

284 4171 350 4232 deis
363 4173 564 4251 fulcimentis,
598 4195 633 4234 ac
652 4176 779 4257 proinde
796 4180 981 4237 incumbenti
997 4182 1082 4237 oneri
1096 4176 1222 4236 ferendo
1235 4172 1319 4234 haud
1331 4194 1389 4253 par
1490 4170 1491 4215 ἕ

284 4268 375 4319 esset.
418 4280 547 4341 cumque
560 4264 667 4321 incerti
680 4261 756 4343 quid
770 4275 892 4341 agerent
905 4274 1059 4324 versarent
1072 4266 1225 4338 animum,
1250 4264 1387 4340 impera·
1490 4240 1491 4313 i

284 4354 350 4407 tore
365 4350 541 4438 praesertim
553 4348 686 4409 nonsibi
701 4358 876 4427 constante,
897 4348 1076 4434 dicenteque
1091 4348 1244 4410 interdum
1262 4349 1389 4407 unicam
1490 4358 1491 4361 ’
