3017 4900
314 365 323 396 ¹
408 370 465 438 AD
485 367 769 445 alemannum
785 369 942 447 NOTAE·
1036 438 1044 454 .
1156 374 1229 451 131

116 538 226 600 duxit.
270 539 309 600 ab
319 536 382 604 hoc
398 537 685 604 consceleratissima
699 545 828 618 vrsano
844 539 970 620 eiusque
987 540 1230 620 profligatissimo

116 636 250 706 parente
263 627 393 684 Isaurico
407 627 509 685 Leone
524 626 632 703 nuperi
645 625 697 684 isti
708 643 861 682 sacrarum
875 627 1043 704 imaginum
1057 627 1231 690 effractores
1354 622 1360 631 ’

119 733 198 788 oum
219 713 347 770 amentia
364 707 521 790 perfidiam
537 707 718 784 hauserunt,
738 711 838 791 iisque
850 713 1004 789 magistris
1020 722 1111 794 atque
1125 723 1232 774 aumo-

120 797 211 855 ribus
231 797 408 874 gloriantur.
454 814 493 853 ex
515 789 625 854 horum
645 795 777 854 factione
797 794 979 854 vanissimus
998 794 1051 854 ille
1068 797 1231 878 Nicephori

120 879 303 940 scholiastes
325 881 513 940 Camerarius
530 882 626 939 multa
642 882 674 938 in
693 881 897 940 sanctissimas
914 883 984 941 illas
997 881 1157 960 religiones
1176 903 1230 942 ea-

120 983 254 1046 rumque
281 965 471 1025 defensorem
501 969 680 1026 acerrimum
701 970 851 1029 tonnam
867 968 1090 1027 nmmum
1108 969 1231 1030 furiosis

118 1054 186 1110 illis
208 1055 240 1110 in
263 1055 484 1112 commentariis
499 1054 648 1128 evomuit,
670 1054 704 1112 in
717 1052 829 1134 quibus
843 1063 918 1134 quot
931 1051 1083 1135 syllabae,
1103 1053 1232 1114 totidem

24 1211 25 1214 ρ
117 1139 294 1216 velanugaa
312 1139 362 1199 vel
380 1133 585 1218 blasphemiae
605 1148 685 1200 sunt.
768 1211 772 1219 1
1044 1170 1050 1176 ·

210 1277 240 1336 p·
255 1259 294 1320 81
310 1276 340 1316 v·
357 1261 406 1322 16.
449 1257 482 1322 δν
494 1263 558 1331 τοῖς
571 1253 771 1336 καίοομίκοια
782 1249 912 1336 τάφοις]
932 1255 1051 1335 Pelagii
1070 1251 1231 1335 sepulchra

122 1359 205 1420 quae
225 1341 337 1400 fuerint
354 1341 485 1402 declarat
495 1340 700 1422 Theophanes
714 1345 746 1400 ln
758 1339 886 1402 historia
898 1341 1088 1402 constantini
1100 1344 1232 1420 patriar-

122 1424 219 1483 chae.
242 1422 276 1489 τδ
297 1425 331 1490 δὲ
351 1433 438 1508 σοῖμα
460 1429 589 1509 ἔρριψαν
605 1429 649 1502 είς
660 1424 698 1491 κοί
713 1430 866 1509 Πελαγίαν
878 1423 1022 1506 &amec
1036 1419 1129 1490 αδσό*
1152 1425 1232 1490 ἔνθα

121 1506 232 1596 πρῴην
255 1510 310 1591 μὲν
330 1510 467 1592 α’πῆρχεκ
488 1512 507 1578 δ
524 1517 581 1592 τῆς
602 1511 690 1596 drino
705 1507 857 1594 μα’ρκορος
874 1513 1025 1596 Πελαγίας
1040 1507 1133 1585 ναός,
1155 1507 1192 1574 δν
1209 1509 1229 1576 δ
1245 1510 1268 1565 Ρ
1285 1509 1321 1566 84

120 1597 275 1744 {tropacis
291 1596 461 1674 καταλύσας
478 1598 530 1662 καί
548 1594 648 1679 adona
670 1600 841 1664 καταδίκων
864 1591 997 1680 κακίσας
1019 1591 1058 1659 sd
1075 1597 1230 1678 Πείαγίοα

139 1678 276 1744 κάλεσον.

209 1803 240 1863 p·
256 1785 297 1848 82
313 1801 344 1842 v.
359 1785 390 1847 6·
436 1785 488 1866 Ίίμ
506 1778 540 1846 dl
559 1777 642 1870 ου’τρδ
654 1783 728 1864 ίτει]
752 1804 780 1843 a.
796 1783 981 1866 copronymi
994 1781 1054 1858 24,
1075 1779 1184 1842 tndtct.
1196 1780 1229 1858 4,

122 1869 257 1928 Ianuarii
271 1871 309 1931 21
331 1877 432 1926 contra
445 1867 592 1948 Bulgaros
605 1873 717 1945 movit,
739 1871 781 1929 alt
794 1868 1011 1951 Theophanes.
1051 1887 1155 1928 revera
1172 1887 1230 1926 en·

122 1973 181 2012 raus
199 1956 262 2012 eius
277 1953 398 2034 imperii
411 1953 469 2011 fuit
483 1955 535 2028 25,
558 1953 669 2014 Christi
681 1957 753 2020 766.
797 1957 835 2014 ab
849 1974 885 2015 en
899 1954 1091 2034 expeditione
1105 1955 1230 2032 turpiter

23 2031 24 2054 ¹
124 2037 214 2098 rediit
234 2037 303 2098 Iulii
326 2041 376 2104 17.
419 2036 491 2096 iude
510 2042 641 2119 Augrnti
659 2043 698 2105 21
720 2051 817 2100 totam
831 2039 911 2100 hanc
925 2037 1112 2122 tetgroediam
1126 2047 1229 2098 contr-a

124 2123 309 2184 orthodoxos
325 2145 359 2184 ac
372 2127 532 2206 praecipue
548 2123 711 2186 monachos
727 2130 899 2202 excitavit.⁴

207 2245 238 2306 p.
247 2230 287 2290 83
304 2226 392 2289 v.10.
435 2220 551 2289 κου’ταα
564 2225 598 2290 δδ
611 2219 652 2309 ἦν
661 2221 822 2308 Ἀντίοχος]
844 2197 968 2286 ecssfltm
976 2234 1112 2285 recenset
1120 2222 1229 2284 Theo-

22 2353 25 2384 a
126 2307 243 2390 phanes
259 2321 289 2370 et
302 2312 589 2372 PaulusDiaoonus.
631 2309 796 2396 ίομοδίτης
810 2300 870 2380 καθ’
884 2295 999 2391 δρόμου
1015 2310 1126 2368 dicitnr
1140 2308 1228 2368 laica

22 2387 27 2412 t
124 2394 293 2478 Nicephoro
308 2395 328 2460 δ
339 2400 402 2460 τῶν
412 2397 565 2476 δημοσίαν
577 2393 763 2485 πραρμοίκαν
774 2392 823 2500 καὶ·
833 2379 1228 2491 ,ν’ἷίσομκήσειςδιακομίζον,

22 2540 24 2563 2
126 2483 207 2563 qnod
225 2485 360 2561 magistri
379 2485 542 2541 memoriae
563 2486 720 2561 proprium
741 2492 798 2568 aq,
857 2482 928 2562 qut,
952 2490 988 2539 ut
1008 2483 1103 2539 estin
1119 2482 1228 2539 notitia

22 2564 24 2599 ί
123 2568 242 2647 imperii
258 2568 432 2641 Orientalis,
452 2570 660 2626 annotationes
674 2564 783 2641 dictat,
797 2550 863 2625 hoc
877 2577 922 2627 est
937 2568 1098 2645 scripturas
1108 2565 1225 2642 breves,

22 2650 24 2671 '
125 2656 234 2734 quibus
249 2673 285 2713 aa
299 2656 489 2713 continentur
505 2668 582 2730 quae
601 2653 744 2731 principis
758 2653 883 2711 nomine
900 2661 1070 2712 statuuntur
1084 2662 1136 2710 aut
1152 2670 1227 2709 con-

123 2742 289 2797 lirmantur.
340 2734 395 2793 sed
414 2746 443 2793 et
460 2736 598 2815 precibus
620 2734 797 2817 respondet,
828 2734 887 2797 hoc
906 2748 951 2797 est
969 2755 1112 2817 responsa
1135 2733 1228 2795 dictat

126 2843 203 2903 quae
217 2824 356 2901 princeps
371 2820 483 2879 libellis
499 2822 685 2901 supplicibus
699 2820 826 2881 dederit.
869 2820 997 2883 adhaec
1010 2818 1174 2902 diplomata
1187 2818 1227 2880 ad

126 2906 306 2967 currendum
320 2908 442 2964 nomine
460 2908 606 2987 principis
622 2908 672 2966 vel
687 2910 825 2987 magistri
842 2909 1010 2968 officiorum
1028 2906 1098 2965 dare
1115 2926 1226 2964 mune-

127 2994 167 3052 ris
190 2990 325 3051 eiusdem
345 2992 419 3066 fuit,
442 3010 534 3072 equo
548 2991 713 3075 λογοθδτης
725 2996 782 3055 τοῦ
797 2990 913 3073 δρόμου
930 2992 1028 3051 dctus
1045 3001 1101 3050 est.
1144 3000 1227 3051 cete-

126 3099 193 3139 rum
215 3076 297 3159 apud
314 3074 535 3156 Theophanem
550 3078 779 3153 Constantinus,
800 3098 861 3137 uon
878 3075 1061 3152 Antiochus,
1082 3077 1225 3156 patricius

127 3162 234 3223 dicitur
250 3174 279 3222 et
290 3161 456 3245 λογοθέτης
467 3166 523 3225 τοῦ
537 3156 662 3243 δρόμου.
705 3166 789 3224 cuins
810 3165 909 3223 frater
919 3164 1084 3241 Strategium
1100 3158 1225 3241 spatha-

125 3252 185 3309 rius
204 3261 233 3309 et
250 3246 431 3310 domesticus
445 3250 665 3310 excubitorum.

207 3330 249 3409 ib.
265 3355 360 3415 v.21·
403 3344 497 3431 ὅρκον
520 3345 590 3415 κατ’
612 3345 727 3433 edroi]
750 3351 880 3431 Augusti
904 3352 946 3417 30
971 3344 1079 3409 Indict-
1099 3343 1119 3410 4
1143 3346 1225 3405 Con-

125 3439 252 3497 stantino
267 3433 501 3516 patriarchatum
512 3437 635 3516 abrogat
649 3430 836 3517 ίὸμοίνυμος
849 3436 1071 3509 Constantinus,
1093 3452 1224 3513 eumque

125 3524 255 3667 ppipplrerpn
268 3524 300 3583 iu
314 3523 459 3599 Hieriam,
480 3519 552 3583 inde
569 3525 602 3583 in
613 3524 789 3605 Principum
800 3522 934 3583 insulam
947 3518 1095 3601 deportat.
1116 3515 1224 3577 Theo-

124 3627 143 3689 p
206 3649 293 3789 p··84
306 3730 336 3770 v.
350 3710 384 3774 3.
426 3703 567 3789 Νικήκαν
581 3704 634 3789 dl]
655 3709 833 3773 Novembris
848 3712 887 3774 16
901 3704 970 3783 die,
990 3703 1058 3766 lnd.
1072 3704 1110 3779 6,
1130 3704 1223 3765 Nice-

125 3804 169 3857 tes
184 3796 220 3855 ab
233 3797 412 3875 imperatore
425 3794 465 3857 sd
477 3792 709 3876 patriarchalem
721 3794 827 3861 sedem
842 3806 964 3855 erectus
980 3802 1036 3853 est.
1078 3789 1173 3851 idem.

206 3896 248 3955 ὦ.
261 3914 292 3955 v.
304 3902 337 3962 'l-
380 3896 495 3981 φορείῳ
515 3890 736 3977 hammes]
760 3896 825 3956 tam
843 3900 927 3956 enim
946 3892 1108 3955 crudeliter
1121 3894 1222 3972 impe·

126 3984 227 4042 raturis
240 3984 325 4041 iussn
339 3984 495 4062 vapularet
506 3992 542 4040 ut
553 3980 693 4043 incedere
704 4002 767 4043 non
780 3994 893 4064 posset.
914 3980 953 4042 de
967 3983 1034 4041 eins
1045 3977 1222 4062 καθαρίσαι

126 4086 158 4124 ac
171 4070 358 4127 accusatione
372 4065 587 4149 Theophanes.

207 4166 248 4227 ib·
266 4187 297 4226 v·
313 4170 365 4232 13.
407 4172 452 4255 τῷ
464 4168 640 4254 καλουμένῳ
652 4167 777 4255 Matios]
797 4167 850 4229 adi
867 4166 996 4230 Snidam
1010 4178 1041 4227 et
1055 4162 1222 4243 curopala-

129 4263 176 4311 ten
196 4256 260 4313 sive
284 4251 444 4315 (lodinum.
487 4252 657 4317 aedificium
677 4254 831 4339 quoddam
848 4256 936 4337 (ipoli
948 4256 1008 4315 tuit
1022 4254 1118 4331 signis
1130 4249 1222 4311 variis
