3017 4900
295 343 367 416 100
720 343 784 409 DU
815 339 956 409 canon

290 519 338 570 tra
351 509 439 568 bema
455 527 525 570 cnm
540 508 656 590 reliqua
668 506 758 586 plebe
773 508 985 568 consisterent:
1004 499 1084 571 idas
1097 502 1149 569 sssl
1161 502 1247 588 μέχρι
1262 508 1319 568 τοῦ
1331 509 1389 568 ιδι
1407 563 1412 580 ,
1431 493 1452 568 {³

289 599 389 669 ταλιδρ
407 589 569 702 διιρδτιρσιτ
590 591 624 657 sd
644 593 733 668 ἔθος,
772 593 827 668 ἔξω
847 599 903 656 τοῦ
923 593 1144 674 θυσιαστηρίου
1166 589 1238 664 rode
1258 593 1389 672 βασιλεῖς
1430 581 1456 678 ‘f

289 681 435 744 ἵστασθαι
447 702 521 761 ματα
533 683 590 744 τοῦ
603 681 690 742 λαοῦ.
713 689 744 737 et
755 677 943 757 Nicephorus
958 680 1097 738 Callistus
1115 681 1155 741 te
1176 677 1227 750 41,
1249 677 1301 734 nbi
1316 697 1388 734 een·
1433 667 1456 699 ’Ξ

290 763 361 825 dem
376 786 441 824 rem
454 768 566 840 recitat,
588 783 643 824 sna
656 766 824 822 etiamnum
838 774 936 823 aetate
950 763 984 823 id
996 764 1132 823 obtinere
1148 765 1258 834 scribit,
1279 783 1387 842 nempe
1442 753 1456 807 l

289 862 324 910 nt
338 854 500 930 imperator
513 849 553 911 ad
564 852 691 910 bematis
704 852 852 908 cancellos
869 849 982 909 sedeat.
1024 860 1056 908 at
1072 845 1277 908 sisecundum
1294 847 1387 906 Sozo-
1442 839 1456 872 ²

289 956 416 995 menum
428 939 582 1016 assignata
595 937 654 994 fuit
673 933 761 994 sedes
779 938 967 1014 imperatoris
988 933 1048 1015 πρδ
1062 939 1123 996 τοῖν
1138 927 1321 1014 δραφιὶιιτοιν
1334 937 1388 995 τοῦ
1438 929 1452 957 a

288 1021 447 1102 ἱερατείαν,
467 1033 539 1080 anta
552 1021 700 1080 cancellos
712 1021 856 1094 bematis,
879 1041 941 1080 non
954 1023 1051 1101 potuit
1064 1023 1224 1078 consistere
1238 1039 1292 1077 seu
1306 1019 1388 1080 ῗσια·
1437 1014 1457 1083 ⁹5*

289 1113 364 1169 σθαι
376 1103 517 1187 perdocti
529 1109 622 1180 icosi,
654 1103 900 1186 qnandoquidem
917 1107 1047 1186 populus
1066 1108 1098 1164 in
1111 1123 1225 1184 pronao
1243 1108 1387 1164 consiste-

286 1191 354 1266 bat,
389 1202 419 1250 et
436 1194 515 1249 inter
529 1192 677 1249 cancellos
695 1192 822 1251 bematis
841 1202 871 1251 et
885 1211 1033 1271 pronaum
1046 1211 1100 1250 seu
1115 1188 1289 1250 narthecern
1304 1187 1388 1264 ναός,
1439 1184 1457 1218 ³

286 1278 338 1337 vel
352 1275 460 1336 chorus
482 1277 599 1335 clericis
620 1286 650 1334 et
668 1278 840 1336 cantoribus
860 1277 1015 1352 addictus,
1047 1275 1266 1350 intercedebat,
1297 1287 1333 1334 ut
1350 1294 1388 1332 ex

285 1363 353 1442 ipso
366 1363 540 1422 silentiario
552 1373 584 1421 et
599 1363 666 1420 aliis
683 1361 803 1420 abunde
819 1373 942 1422 constat.
966 1361 1074 1445 quodsi
1090 1373 1159 1420 aute
1173 1363 1301 1420 bematis
1315 1381 1387 1418 can·

285 1449 379 1507 cellos
395 1450 546 1522 constitit,
577 1467 644 1506 eam
663 1447 768 1506 sedem
790 1452 822 1506 in
837 1451 920 1508 solea
934 1453 1052 1508 stetisse
1066 1467 1189 1507 necesse
1205 1458 1267 1522 est,
1297 1457 1385 1527 atque
1449 1425 1457 1475 i

284 1531 361 1592 adeo
380 1535 592 1612 imperatorem
612 1553 676 1593 non
696 1535 843 1614 populum
861 1533 1007 1594 duntaxat
1028 1533 1189 1593 sedetiam
1211 1535 1335 1592 clericos
1358 1541 1385 1590 et

285 1629 432 1693 cantores,
456 1636 531 1698 qnos
539 1618 690 1697 populares
701 1631 857 1677 οαιιοιιιαοι
869 1631 955 1680 rocat
967 1623 1164 1694 silentiarius,
1178 1621 1384 1698 praecessisse.
1450 1617 1457 1650 ²

285 1714 377 1784 atque
402 1699 475 1760 inde
500 1703 577 1761 forte
605 1702 731 1782 quidam
754 1705 853 1762 soleae
875 1725 987 1764 nomen
1010 1703 1141 1764 inditum
1166 1707 1383 1776 existimarunt,
1449 1704 1457 1734 r

285 1787 370 1870 qnod
384 1807 420 1845 eo
434 1788 493 1847 loci
506 1788 716 1868 imperatorin
732 1791 859 1848 ecclesia
873 1791 982 1850 solium
994 1811 1084 1850 suum
1097 1789 1231 1849 baberet.
1275 1799 1309 1847 ut
1322 1809 1384 1847 sese

283 1893 332 1933 res
353 1871 477 1948 habeat,
508 1869 587 1932 banc
607 1875 640 1932 S.
655 1874 808 1934 Ambrosii
827 1879 1070 1936 constitutionem
1091 1886 1174 1934 tanta
1196 1895 1266 1934 cum
1293 1875 1383 1932 animi
1444 1898 1451 1904 ·

284 1957 445 2018 derotimm
469 1975 505 2015 ac
521 1959 722 2018 submissione
742 1979 889 2040 excepere
909 1964 1122 2042 imperatores,
1145 1973 1179 2020 ut
1194 1959 1383 2020 Theodosios
1450 1973 1454 1976 ·

283 2045 384 2103 iunior
395 2054 427 2102 et
438 2043 683 2120 Valentinianus,
704 2047 738 2102 in
751 2066 788 2104 eo
804 2045 922 2106 decreto
935 2047 1017 2128 quod
1032 2059 1129 2107 exstat
1142 2057 1211 2127 post
1225 2049 1382 2105 concilium

281 2128 488 2210 Ephesinssns,
510 2130 542 2186 ln
555 2127 631 2189 boec
643 2131 734 2189 r'erba
747 2144 959 2212 prorumpant:
982 2135 1027 2192 od
1042 2153 1132 2191 saera
1147 2133 1260 2190 altanu
1278 2151 1382 2190 murre-
1456 2139 1457 2142 ’

281 2235 351 2274 rum
361 2213 707 2294 mammoffsrendomm
718 2237 812 2274 carrea
818 2219 989 2280 accedimus
995 2241 1009 2289 ;
1031 2230 1141 2276 etcum
1155 2221 1383 2296 circumseptum

174 2311 198 2366 P
214 2305 266 2364 5⁵6
281 2319 436 2359 naturum
447 2300 607 2377 adytomm
619 2305 748 2382 ingressi
761 2323 866 2362 sumus
871 2347 884 2376 ‚
904 2307 1006 2362 statim
1021 2305 1206 2384 egredimur,
1228 2324 1283 2361 nec
1298 2305 1382 2382 qm'o·

282 2405 376 2468 qssnm
390 2405 427 2443 αα
436 2386 611 2467 proprieque
626 2389 785 2446 divinitate
796 2387 881 2446 nobis
895 2411 1085 2476 arrogantior.
1109 2409 1182 2449 nam
1198 2392 1253 2449 etsi
1265 2391 1298 2446 iu
1310 2407 1380 2446 con-

281 2473 351 2533 cilio
365 2470 536 2531 baodiceno
552 2492 617 2532 can.
635 2476 676 2537 19
692 2476 765 2534 solis
779 2474 998 2553 sacerdotibus,
1020 2484 1083 2552 τοῖς
1098 2477 1273 2557 ἱερατικοῖς,
1296 2472 1381 2538 eloti·
1457 2506 1458 2513 ι

280 2578 335 2621 ναι
348 2558 393 2631 εἰς
408 2553 444 2620 sd
457 2554 678 2640 θυσιαστήριον
693 2560 746 2622 ταὶ
764 2566 924 2624 ιιοιιανεῖν
939 2564 1056 2638 liceret,
1086 2566 1113 2621 is
1131 2573 1232 2620 tamen
1251 2580 1320 2621 mos
1333 2564 1380 2619 in-
1457 2568 1458 2599 ³

280 2635 416 2702 valuerit
436 2652 469 2701 ut
491 2641 583 2723 adyta
604 2643 723 2721 ingredi
744 2645 785 2703 ad
808 2646 962 2705 offerenda
985 2648 1064 2709 dona
1078 2650 1252 2726 imperatori
1267 2648 1378 2718 liceret,
1457 2678 1458 2682 =

279 2738 315 2787 nt
334 2729 483 2807 colligitur
502 2747 546 2787 ex
563 2728 679 2808 synodo
700 2732 848 2790 anllana
872 2752 937 2791 can.
959 2732 1018 2809 69,
1061 2727 1137 2796 ιιατά
1161 2756 1229 2793 τινα
1248 2728 1379 2793 natatio
1456 2744 1458 2757 ⁴

277 2811 458 2896 mediocre,
478 2814 577 2895 inquit
589 2816 779 2892 balsamon,
793 2815 874 2899 quod
885 2819 925 2875 ab
941 2821 1007 2898 ipso
1021 2820 1055 2879 S.
1069 2817 1221 2879 Ambrosii
1234 2836 1311 2878 aero
1327 2818 1379 2875 ob·
1457 2826 1458 2853 ³

278 2900 403 2959 armna
415 2917 471 2980 par
484 2911 531 2959 est
541 2897 673 2959 credere.

363 2984 416 3049 43.
458 2987 525 3045 lam
536 3006 607 3046 rero
621 2984 705 3068 qnod
718 2988 760 3043 ait
772 2987 961 3047 silentiarius
975 2989 1039 3047 illic
1049 2986 1155 3047 sedere
1168 2990 1378 3068 imperatorem

276 3068 470 3144 δεοστὲιττοις
489 3069 522 3133 lv
538 3071 670 3153 ἑορταῖς,
689 3070 724 3129 id
738 3072 973 3152 intelligendum
987 3084 1032 3133 est
1044 3072 1083 3133 de
1096 3074 1320 3133 solennioribus
1333 3075 1378 3131 le-

276 3156 472 3229 stiritatibus,
500 3157 534 3215 in
555 3159 664 3237 quibas
683 3157 724 3215 ad
738 3162 885 3217 maiorem
901 3159 1059 3219 ecclesiam
1073 3158 1270 3238 procedebat,
1306 3178 1377 3240 quas

275 3258 403 3298 numero
424 3239 586 3300 duodecim
604 3244 699 3302 fuisso
717 3242 838 3302 ridetur
855 3246 980 3303 innuere
994 3244 1126 3304 Godinus
1144 3248 1177 3303 in
1194 3248 1276 3323 Orig.
1296 3249 1374 3324 p-9l

276 3323 326 3382 ed.
341 3327 545 3401 Meursianae,
567 3347 638 3386 curn
651 3332 684 3385 in
700 3331 817 3403 ceteris,
838 3331 870 3385 in
886 3331 991 3407 palatii
1006 3334 1098 3389 sacris
1110 3330 1245 3405 aedibus,
1268 3328 1376 3390 divinis

275 3410 420 3469 interesse
444 3411 550 3470 officiis
575 3412 695 3471 soleret.
739 3432 776 3471 ea
802 3424 903 3472 autem
934 3416 1011 3473 festa
1040 3418 1153 3474 maiora
1176 3414 1377 3487 acerrimos

275 3493 382 3575 ἑορτάς
398 3498 534 3570 vocarit,
556 3496 639 3577 qnod
650 3500 682 3554 in
697 3500 736 3555 iis
749 3501 912 3577 imperator
926 3519 1034 3559 corona
1049 3499 1207 3560 redimitus
1220 3504 1314 3560 sacris
1329 3504 1375 3559 iu-

272 3589 407 3640 teresset.
440 3578 645 3661 Theophanes
658 3582 697 3640 de
710 3585 823 3642 Iustino
836 3586 1034 3662 imperatore:
1056 3584 1271 3667 subsanensis
1284 3582 1376 3670 μεγά-

274 3669 334 3739 λως
347 3662 458 3748 ἤλγησε
471 3665 530 3745 τήν
544 3663 659 3747 stapris,
681 3662 757 3730 ὥστε
770 3668 822 3731 sol
837 3674 876 3755 τῇ
888 3668 979 3779 iosap
992 3667 1153 3750 προεδθοδν
1170 3672 1255 3757 δοιῇ
1268 3670 1374 3749 ἔκκλη-

272 3752 325 3835 σδα
349 3746 388 3813 osi
413 3752 587 3828 κατεδέξατο
610 3752 739 3834 φορέσαι
761 3750 797 3816 τδ
816 3754 929 3835 στέμμα
951 3780 971 3836 η
996 3755 1053 3836 τήν
1075 3753 1219 3837 χλαμύδα.
1262 3760 1373 3817 similia

270 3832 363 3894 habet
374 3856 402 3895 a.
416 3837 458 3901 31
472 3841 644 3897 Iustiniani:
666 3832 684 3901 δ
700 3836 734 3901 δὲ
745 3836 888 3919 decolatio
908 3832 965 3903 οιιίι
984 3838 1127 3923 ἒφδρτσεν
1145 3838 1178 3905 sd
1195 3842 1310 3925 στέμμα
1325 3842 1373 3907 tut

270 3912 386 4003 ἡμέρας
397 3917 435 4003 μ’,
452 3918 528 3985 cilici
539 3923 591 3986 sol
604 3928 642 4011 τῇ
657 3922 729 4009 δγδρι
745 3928 880 4005 Χριστοῦ
888 3920 1029 4007 γεννήσει
1043 3926 1135 4006 pocla
1151 3922 1247 3991 adecti
1261 3932 1372 4011 προῆλ-

270 4012 330 4069 θεν
343 4005 426 4093 lurp
442 4008 592 4092 διιτλησίρι.
635 4009 716 4087 apud
728 4013 858 4070 Francos
880 4023 997 4070 nostros
1022 4032 1092 4071 amn
1114 4014 1188 4071 olim
1208 4015 1371 4075 obtinuisse

269 4110 385 4152 morem
400 4104 435 4152 ut
447 4114 534 4173 reges
552 4098 584 4153 in
605 4096 768 4155 maioribus
781 4099 852 4154 anni
869 4096 1080 4156 festivitatibus
1096 4100 1128 4155 in
1145 4100 1272 4159 ecclesia
1287 4120 1371 4159 coro-

268 4179 333 4236 nati
346 4176 456 4238 divinis
468 4180 574 4239 officiis
586 4183 774 4253 interessent,
788 4182 924 4261 pluribus
940 4184 1131 4261 probavimus
1147 4182 1187 4243 ad
1199 4187 1370 4244 loinrillarn

267 4262 423 4323 Dissertm.
438 4263 477 4338 5,·
502 4274 593 4346 atqne
602 4263 674 4324 inde
687 4286 737 4325 eas
751 4268 930 4326 festivitates
948 4270 1050 4326 αανίαι
1069 4281 1227 4328 coronatas
1241 4283 1293 4329 aut
1309 4272 1369 4328 dies

267 4366 394 4408 coronae
403 4350 569 4431 appellatas
582 4352 692 4431 tonse,
714 4372 769 4413 seu
783 4350 888 4435 δορτδς
902 4354 1110 4428 deverberasse.
1154 4375 1226 4414 uam
1241 4370 1274 4415 nt
1289 4352 1368 4437 apud
