3017 4900
285 263 337 336 56
552 257 822 341 NIGEPHORUS
845 243 1106 328 cromanius

249 445 274 502 Ι)
292 433 475 520 αἰσθόμενος
495 433 530 500 δέ
548 431 565 498 ὅ
583 439 644 501 τάν
660 438 847 521 Σαρακηνῶν
856 431 1001 516 βασιλεὺς
1014 424 1134 514 βουλάς
1145 427 1231 494 ἐκίνει
1244 425 1298 506 ὥς
1314 427 1398 494 κατὰ

285 547 340 624 τῆς
356 537 513 622 Ῥωμαίων
530 535 637 624 χώρας
651 535 916 624 στρατευσόμενος.
965 535 1142 601 ἀποστέλλει
1155 533 1188 599 δέ
1201 531 1286 620 πρὸς
1299 531 1397 598 αὐτὸν

285 643 406 724 Δανιὴλ
429 641 482 706 τὸν
507 643 680 727 πατρίκιον,
706 639 767 706 ἀπὸ
790 647 846 722 τῆς
867 643 1042 705 Σινωπιταῑν
1061 634 1236 725 ὁρμώμενον
1256 634 1399 712 πόλεως,

282 743 421 831 ὕπαρχον
441 751 605 828 τηνικαῦτα
627 750 682 827 τῆς
701 745 861 826 βασιλίδος
879 739 1074 830 ὑπάρχοντα,
1096 739 1139 816 ὡς
1161 743 1260 823 δῆθεν
1278 738 1326 805 τά
1341 747 1399 822 τῆς
1474 790 1475 795 ,

279 846 405 935 ἐἰρήνης
423 843 744 933 ἐπικηρυκευσάμενοι,
766 852 810 935 τῷ
826 844 889 911 ἀντι
907 846 942 912 δέ
955 841 1205 927 διοπτευσόμενον
1216 837 1273 906 οἷα
1287 841 1420 917 αὖτοῖςὸ

284 951 325 1018 τά
337 951 426 1016 Ιιιατιλ
448 947 605 1034 Ῥωμαίων
625 947 800 1037 ἐξηρτύετο·
834 946 869 1026 ὃς
896 945 1053 1033 ἐπανήκων
1071 945 1222 1032 ἐπήγγειλε
1242 947 1400 1030 μεγίστην

286 1053 412 1120 {aroana
431 1058 487 1119 τοῦ
507 1051 617 1130 ἔθνους
638 1051 692 1118 διά
712 1077 746 1119 τε
768 1052 898 1117 ἱππικῶν
919 1052 970 1117 καὶ
992 1054 1132 1134 πλοΐμων
1150 1045 1400 1136 προπωμάτων

286 1163 344 1241 τῆς
355 1154 524 1241 Ῥωμαϊκῆς
540 1157 691 1233 πολιτείας
704 1150 914 1243 καταδρομήν.
964 1151 982 1220 ὃ
996 1154 1030 1220 δέ
1044 1152 1180 1231 ἀκούσας
1194 1149 1322 1242 ἑκάστῳ
1337 1158 1399 1217 τῶν

287 1261 320 1326 ἐν
338 1265 377 1346 τῇ
391 1257 477 1324 πόλει
493 1255 535 1336 ὡς
550 1258 582 1324 ai'
592 1283 638 1336 τις
654 1265 714 1326 τῶν
731 1257 903 1344 ἀναηκαίων
923 1253 1082 1344 εὐπορήσει
1096 1257 1144 1322 ἐπὶ
1160 1261 1264 1342 τριετῆ
1277 1251 1399 1340 χρόνον

200 1475 275 1533 1³83
290 1465 474 1552 ἀποτρέχειν.
524 1465 563 1531 cd
589 1467 623 1530 dd
646 1465 730 1549 τείχη
754 1471 811 1550 τῆς
828 1462 947 1543 πόλεως
961 1464 1186 1551 ἐπιμελέστερον
1197 1463 1330 1541 καινίζει
1345 1461 1398 1525 καὶ

286 1570 327 1638 td
341 1565 549 1656 πολεμητήρια
561 1565 676 1656 ὄργανα
693 1566 880 1648 ἀιασκευάζει
886 1615 898 1648 ,
922 1569 1049 1633 πλείστα
1061 1561 1269 1650 δαπανήματα
1280 1572 1326 1652 τῇ
1338 1561 1397 1628 nd-

288 1678 334 1738 λει
350 1671 548 1755 ἀποθέμενος,
569 1675 621 1736 καλ
635 1669 747 1756 ἑτέροις
762 1666 809 1748 οἷς
825 1670 915 1754 ἀνῆκε
930 1669 1007 1759 πρὸς
1022 1672 1175 1754 πολεμίων
1186 1667 1305 1756 ἔφοδον
1318 1661 1396 1732 raai-

287 1801 345 1860 την
360 1773 586 1862 κατοχνρώσας.
620 1773 730 1864 φήμης
738 1774 772 1839 δέ
783 1775 943 1859 γενομένης
955 1771 998 1850 ὡς
1012 1770 1029 1840 ὅ
1041 1781 1103 1839 τῶν
1113 1777 1308 1860 Σαροκηνῶν
1321 1767 1395 1836 στί-

289 1883 343 1956 λος
359 1877 418 1942 ἀπὸ
430 1875 626 1963 Ἀλεξάνδρου
639 1876 757 1954 πόλεως
769 1877 819 1942 ἐπὶ
831 1877 885 1944 τὸν
899 1879 1028 1942 Φοίνικα
1040 1876 1216 1964 παρεγένετο
1231 1880 1427 1959 raonem-15

288 1982 381 2063 σίμης
404 1984 496 2062 ξυλῆς
519 1983 737 2066 κυπαρισσίνης
759 1980 873 2060 ἕνεκεν,
897 1979 1048 2066 ἐκλέγεται
1065 1976 1171 2066 σκάφη
1187 1977 1395 2061 ταχυπλόὶμο,

287 2077 421 2168 στρατόν
433 2105 464 2146 τε
480 2082 511 2146 ἐν
525 2081 628 2158 adroic
645 2082 834 2167 ἐγκαταλέγει
850 2083 884 2147 ἐκ
903 2089 964 2149 τῶν
980 2090 1037 2167 τῆς
1048 2079 1155 2170 χώρας
1169 2087 1224 2146 τοῦ
1238 2080 1394 2162 καλουμέ-

287 2209 343 2250 νου
361 2183 520 2266 ’οψικίου,
542 2185 593 2249 καλ
615 2183 692 2272 πρὸς
711 2191 749 2272 τῇ
769 2182 854 2272 νήσῳ
870 2191 910 2272 τῇ
922 2183 1020 2273 Ῥόδῳ
1035 2185 1220 2251 ἀποστέλλει.
1273 2183 1394 2248 κάκεῖσε

290 2287 501 2374 ἀθροισθῆναι
519 2291 571 2352 καὶ
591 2285 671 2354 ἀλλα
683 2284 839 2369 Ῥωμαϊκὰ
853 2285 969 2370 πλόϊμα
985 2288 1136 2366 συνέταξε.
1185 2283 1311 2365 τούτοις
1324 2283 1391 2371 ἦγε-
1474 2366 1475 2375 ¹

249 2400 274 2459 B
289 2388 370 2476 μόνα
384 2392 542 2479 ἐφίστησιν
554 2387 695 2476 Ἰωάννην
712 2387 853 2457 διάκονον
870 2395 927 2475 τῆς
940 2387 1073 2476 μεγάλης
1089 2389 1249 2475 ἐκκλησίας
1262 2392 1319 2456 καλ
1333 2394 1424 2456 rora>

290 2496 447 2579 δημοσίων
465 2492 571 2583 φόρων
592 2491 751 2580 λαμστήν,
780 2492 816 2560 δν
835 2495 1004 2580 λοηοθίτην
1022 2493 1139 2580 pecuda
1161 2490 1225 2559 οέιλε
1247 2488 1391 2575 καλεῖνῆ
1474 2535 1475 2562 l

259 2618 264 2627 ’
291 2595 459 2683 συνήθεια,
491 2593 667 2687 ὑπάρχοντα
690 2595 832 2687 ἔμφρονά
858 2622 891 2663 τε
916 2599 969 2664 καλ
990 2595 1131 2687 ἔμπειρον
1153 2594 1393 2681 καθιστάμενον,
1474 2569 1475 2614 ί

358 2754 472 2813 ἑλεπόλει
487 2752 627 2827 ἐπιτρέπει
643 2753 706 2821 cici
739 2776 773 2813 an
790 2744 932 2814 διέταττεν
951 2774 1010 2813 cam
1026 2758 1162 2813 Petavio?
1282 2758 1318 2814 1⁵
1334 2751 1388 2811 aul

359 2826 412 2892 τῆς
425 2823 623 2894 ’νίλεξάνάροοί
638 2829 674 2884 cl.
689 2844 717 2899 p.
730 2828 767 2883 72
779 2831 806 2884 7.
880 2824 943 2900 τὸν]
958 2830 982 2884 f.
999 2824 1053 2899 nis
1068 2827 1206 2885 Patavina·
1277 2828 1314 2883 16
1326 2842 1391 2882 ναο-

360 2897 525 2965 πηγησίμοις
541 2895 636 2965 ξύλοις
651 2897 863 2969 amecurtem
876 2898 899 2955 P
1147 2941 1152 2950 ·

290 3037 349 3089 oum
365 3035 557 3089 Saracenorum
574 3034 691 3107 principi
713 3040 848 3119 comperta
868 3036 973 3106 forent,
994 3052 1065 3091 nova
1079 3035 1194 3091 subinde
1208 3034 1321 3089 consilia
1335 3048 1390 3086 mc·

289 3104 353 3158 litus
379 3106 507 3158 adversus
528 3102 660 3159 Romanos
685 3106 881 3175 expeditionem
905 3113 1048 3175 comparet.
1091 3108 1126 3159 ad
1150 3123 1226 3176 quem
1248 3104 1389 3175 imperator

290 3171 427 3227 Danielem
444 3173 582 3244 patricium
600 3174 675 3228 urbis
691 3176 854 3244 praelectum
872 3192 889 3229 s
905 3175 1021 3259 Sinope,
1038 3175 1151 3229 ubitam
1163 3176 1327 3240 morabatur,
1343 3172 1389 3224 dc·

291 3244 387 3309 stiunt,
431 3260 462 3295 er
475 3242 592 3313 speciem
608 3242 790 3312 impetrandae
804 3243 896 3313 pacis,
922 3261 953 3297 re
974 3261 1036 3313 apsa
1053 3251 1141 3298 autem
1157 3251 1187 3296 ut
1204 3259 1307 3296 omnem
1323 3240 1388 3293 illins

292 3320 385 3365 contra
427 3326 566 3366 omanosa
585 3320 704 3383 paratum
725 3310 884 3395 exploraret.
918 3311 966 3382 qui
982 3328 1106 3367 reversus
1122 3320 1228 3382 gentem
1242 3311 1315 3364 illam
1332 3323 1389 3389 cup

291 3378 393 3447 ingenti
411 3382 529 3449 equitatu
572 3398 684 3450 meque
700 3398 812 3435 maxima
834 3398 930 3453 parare
949 3383 1125 3435 Romanorum
1146 3382 1175 3434 iu
1195 3382 1263 3434 fines
1280 3378 1388 3450 expedi-

289 3449 389 3503 tionem
413 3448 526 3501 nuntiat.
561 3449 656 3517 quibus
679 3450 777 3504 auditis
799 3450 944 3522 imperator
966 3450 1086 3505 omnibus
1111 3450 1158 3520 qui
1175 3450 1203 3503 in
1221 3451 1287 3503 urba
1306 3452 1387 3508 mi,

291 3514 460 3587 quiquidem
477 3518 640 3571 necessarior
658 3523 777 3588 sumptus
796 3520 831 3574 ad
846 3519 988 3575 trienninm
1008 3520 1150 3588 heberent,
1172 3520 1295 3573 menendi
1313 3526 1387 3588 pote·

291 3592 386 3639 statem
403 3584 484 3654 iacit,
501 3584 626 3655 reliquis,
643 3588 739 3656 quibus
755 3597 857 3642 tantm
873 3606 925 3641 nou
942 3596 1112 3660 suppeteret,
1129 3588 1204 3642 abire
1220 3604 1325 3657 quoquo
1342 3602 1388 3637 ve-

290 3656 341 3709 lint
356 3653 495 3727 permittit.
529 3654 588 3725 ipse
603 3672 690 3710 muros
707 3656 860 3725 diligentiae
874 3657 1000 3725 relicere,
1015 3658 1149 3711 machiner
1161 3658 1195 3710 ad
1210 3656 1306 3711 bellum
1320 3670 1386 3707 oom-

290 3742 404 3795 parure,
431 3725 594 3778 necessariae
618 3742 707 3779 omnes
732 3725 823 3797 copias
847 3725 876 3779 in
898 3728 965 3780 urbe
989 3744 1149 3796 congerere,
1174 3726 1270 3780 ceteris
1296 3725 1386 3793 quibus

292 3802 385 3847 contra
398 3794 510 3848 hostiurn
523 3792 637 3864 impetus
650 3811 716 3863 opus
732 3804 792 3848 erat
808 3794 910 3848 munire
927 3794 998 3849 illam
1014 3806 1093 3865 atque
1109 3797 1251 3849 instruere.
1286 3791 1387 3846 interim

293 3876 352 3916 cnm
368 3864 420 3916 iam
437 3880 525 3917 rumor
538 3864 734 3933 percrebuisset
749 3864 941 3917 Saracenorum
956 3864 1065 3919 dassen
1079 3866 1230 3918 caedendae
1242 3864 1276 3918 ad
1288 3862 1387 3917 navim

292 3931 419 3985 fabricam
436 3934 608 4001 cupressinae
625 3933 752 3992 materiae
771 3949 851 3987 consa
871 3933 1033 3987 Alexandria
1048 3934 1078 3986 in
1091 3934 1245 3987 Phoenicen
1260 3932 1387 3992 uaiicera

293 4002 438 4072 imperator
458 4002 584 4071 expedita
607 4002 715 4087 mvigia
737 4001 863 4071 colligens
887 4002 916 4054 in
937 4020 970 4055 ea
991 4010 1153 4057 conuectum
1172 4020 1206 4055 ex
1223 4000 1387 4070 Obsequium

291 4070 402 4140 regiona
424 4072 568 4125 exercitum
587 4072 714 4143 imporat,
738 4079 767 4125 et
783 4073 817 4125 ad
832 4071 954 4125 Rhodum
969 4071 1081 4125 insulam
1100 4072 1195 4125 mittit:
1218 4090 1251 4125 eo
1266 4070 1387 4137 reliquam

291 4140 468 4197 Romanorum
482 4139 592 4194 clessam
607 4140 749 4195 convenire
764 4140 848 4194 iubet.
883 4157 997 4194 summae
1012 4142 1108 4194 deinde
1124 4142 1166 4195 rei
1177 4143 1301 4195 Ioannem
1331 4152 1385 4189 rec»
1474 4151 1475 4170 ι

290 4210 351 4264 ficit
369 4226 479 4279 magnae
501 4210 630 4264 ecclesiae
654 4212 793 4264 diaconum
813 4215 843 4263 et
865 4217 1013 4264 curatorem
1036 4209 1201 4279 publicorum
1216 4156 1384 4278 veotigdiws

292 4296 369 4348 quem
385 4277 536 4351 generalem
552 4278 712 4352 logothetam
727 4277 862 4351 appellare
876 4279 956 4351 vulgo
975 4278 1076 4353 solent,
1093 4280 1180 4335 sirum
1195 4277 1387 4350 praecaneret
