3017 4900
448 384 492 451 IN
514 384 685 452 BELLUM
706 385 935 454 avsmonn.
1168 384 1240 457 137

138 552 282 633 ribusquc
295 550 376 609 male
391 552 512 609 cesserit
524 550 682 625 sententie,
703 550 736 607 in
751 566 843 631 quam
857 566 961 610 omnes
976 561 1185 627 convenerant,
1207 562 1241 610 ut

139 637 211 696 dato
224 658 279 717 per
292 640 394 715 ignem
408 638 495 715 signo
509 634 644 716 nudique
658 654 764 694 ornnes
775 638 985 716 irrumperent.
1028 640 1113 697 testis
1126 648 1172 697 est
1183 639 1241 695 Ni-

140 720 1240 886 ttltttti·§.i-²0³tittffl‘itss..tittfssl'ffftlt

141 912 197 951 con
212 889 319 952 Pssch.
329 912 365 969 p.
384 892 465 965 724,
496 909 535 948 ex
557 910 616 971 quo
637 900 721 971 patet
733 894 884 951 Armeniis
897 894 1001 971 ignem
1016 890 1085 951 data
1099 911 1189 972 opera
1202 891 1243 953 ad

142 975 248 1035 aedem
262 978 294 1036 S.
309 976 426 1037 Nicolai
440 977 641 1035 excitantibus
656 977 799 1037 barbaros
816 996 920 1035 omnes
935 976 1075 1056 deceptos
1081 978 1192 1037 fuisse.

226 1061 299 1126 406.
341 1062 455 1120 Abares
471 1080 540 1119 cum
558 1064 620 1119 iarn
638 1064 763 1141 propius
778 1060 818 1120 ad
834 1063 941 1121 urbem
957 1064 1171 1136 accessissent,
1201 1078 1241 1119 ex

142 1168 178 1207 ea
196 1157 282 1226 parte
301 1146 354 1205 ubi
371 1147 597 1205 celeberrimum
613 1145 752 1226 deiparae
766 1150 892 1227 virginis
910 1146 949 1206 ad
964 1145 1146 1206 blachernas
1161 1157 1243 1205 tern-

141 1234 228 1311 plum
242 1242 428 1300 exstructum
439 1242 519 1307 erat,
547 1234 712 1311 irrumpere
734 1237 833 1291 conati
848 1242 928 1293 sunt.
971 1235 1106 1291 narratio
1119 1251 1138 1290 a
1150 1233 1243 1290 Com-

141 1316 247 1377 befisio
266 1316 346 1377 edita
367 1318 458 1376 refert
472 1315 600 1396 Scythas
619 1318 659 1377 ad
677 1319 844 1398 templum,
871 1315 954 1399 quod
970 1318 1106 1396 insonte
1124 1327 1243 1387 vocant,

142 1406 322 1463 excurrisse.
365 1401 419 1462 sed
431 1404 581 1481 templum
596 1404 738 1483 infinie,
771 1407 855 1463 cuius
875 1405 960 1462 nulla
978 1406 1096 1461 mentio
1108 1405 1141 1460 in
1157 1404 1244 1481 cpoli

143 1485 327 1563 Christiana,
361 1506 378 1545 a
393 1485 629 1546 Blachernarunr
643 1490 757 1567 templo
772 1508 834 1546 non
848 1491 942 1548 fuisse
961 1486 1143 1547 disiuncnun
1156 1488 1244 1546 colli-

144 1577 243 1653 gimus
260 1592 299 1631 ex
315 1570 484 1652 Nicephoro
501 1574 625 1631 Callisto
644 1574 684 1636 15
700 1593 727 1631 c.
744 1573 785 1636 25
799 1584 829 1630 et
840 1576 893 1637 26.
937 1571 987 1631 hio
1006 1576 1100 1651 igitur
1117 1583 1182 1631 sota
1199 1583 1245 1631 est

143 1678 256 1739 pugna.
299 1656 351 1716 hic
370 1657 492 1736 deipara
511 1659 684 1737 cpolitancs
703 1656 839 1717 defendit
861 1668 893 1717 et
910 1658 1052 1716 barbaros
1064 1656 1245 1736 profligarit.

142 1762 249 1803 omnes
272 1745 363 1823 plane
389 1742 525 1802 historici
551 1744 685 1801 fatentur
707 1744 832 1823 virginis
853 1744 1000 1802 miraculo
1021 1744 1129 1801 urbem
1151 1742 1246 1801 fuisse

143 1830 313 1889 liberatam.
356 1840 388 1887 at
401 1826 553 1887 cedrenus
563 1850 600 1906 p.
619 1826 681 1893 416
702 1831 851 1906 virginem
868 1832 967 1907 ipsam
981 1848 1051 1887 rere
1070 1847 1103 1887 se
1125 1830 1246 1906 conspi-

145 1914 284 1974 ciendam
297 1900 435 1973 Hostibus
449 1910 567 1973 dedisse
581 1924 698 1985 narrat3
723 1912 805 1993 quod
818 1923 870 1971 aut
883 1933 924 1971 ex
937 1912 1040 1972 Pisida
1055 1912 1159 1987 finxit,
1181 1915 1246 1992 qui,

145 2012 179 2059 ut
192 2010 290 2081 patet,
319 2001 501 2063 militantem
523 1998 677 2077 deiparam
696 1998 786 2074 facit,
817 2005 869 2057 aut
882 2018 923 2057 ex
936 1997 1082 2056 Chronico
1096 1996 1245 2071 Paschali,

144 2088 179 2145 in
196 2106 255 2167 quo
265 2107 302 2165 p.
317 2086 381 2149 725
394 2078 437 2142 ita
452 2085 580 2163 legitur:
602 2083 654 2145 stul
672 2087 763 2146 τοῦτο
780 2082 879 2165 ἔλεγεν
897 2082 917 2146 d
935 2080 1030 2155 ἔθεος
1045 2076 1188 2162 Χαγσὶνος
1203 2086 1248 2164 spi

145 2177 241 2255 καιρῷ
256 2174 314 2233 τσῦ
326 2168 476 2247 πολέμου,
497 2164 545 2232 ὅτι
560 2166 617 2252 tyci
629 2174 740 2250 daupei
753 2176 884 2251 γυναῖκα
898 2172 1150 2250 σεμνσφοροῦσσν
1164 2188 1247 2249 περι-

146 2254 307 2338 τρέχουσαν
320 2256 364 2328 εἰς
376 2251 409 2319 τὸ
420 2260 515 2335 τεῖχος
528 2247 628 2334 μόνην
642 2244 746 2317 οὖσαν.

232 2343 305 2407 407.
348 2340 443 2415 dolis,
464 2342 618 2421 periuriis,
640 2338 798 2400 incendiis.

231 2426 305 2490 408.
347 2422 445 2486 codex
458 2420 667 2505 habetsifiioo.

231 2511 306 2574 409.
350 2510 454 2570 decem
465 2511 571 2570 diebus
584 2523 662 2570 terra
672 2511 811 2590 marique
823 2518 989 2588 pugnatum
1001 2519 1064 2569 est:
1081 2507 1155 2568 dum
1166 2509 1249 2568 enim

123 2597 262 2662 ,aoeies
284 2595 412 2656 admotis
430 2596 579 2656 machinis
597 2597 704 2655 urbem
718 2605 940 2674 oppugnarent,
964 2596 1064 2654 Sclavi
1082 2607 1114 2653 et
1124 2596 1249 2672 Balgari

147 2687 248 2764 parvis
270 2685 399 2762 navigiis
418 2686 497 2741 recti
519 2703 575 2762 per
597 2685 698 2742 sinum
719 2682 893 2739 Ceratinum
915 2683 948 2738 in
966 2681 1050 2738 linus
1067 2679 1249 2738 descendere

140 2769 313 2848 ’urbemque
329 2772 428 2847 ipsam
442 2779 558 2828 restare
569 2769 781 2826 moliebantur.
823 2768 926 2846 itaque
937 2768 971 2822 in
988 2765 1102 2844 duplici
1115 2765 1195 2824 bello
1212 2783 1249 2822 ac

151 2855 189 2913 de
213 2855 349 2933 pluribus
374 2873 435 2910 una
464 2855 555 2912 simul
584 2854 747 2912 coniunctis
775 2848 910 2908 hostibus
933 2849 1024 2908 deum
1045 2861 1075 2909 et
1095 2850 1250 2930 deiparam

150 2938 369 3020 triumphantes
393 2935 586 2996 demonstret.
630 2939 683 3016 qui
702 2955 768 2994 rem
788 2937 887 3012 magis
908 2932 948 2991 ad
965 2933 1139 2993 historicam
1157 2933 1251 2992 fidem

151 3043 318 3104 expensam
331 3025 411 3104 cupit
426 3023 605 3100 intelligere,
628 3020 717 3080 adeat
731 3017 901 3077 Chronicon
916 3015 1073 3076 Paschale.

234 3109 308 3174 411.
352 3127 392 3166 ex
414 3126 474 3166 nno
493 3118 598 3166 tninco
619 3116 704 3165 erant
723 3115 886 3163 excavatae
900 3103 1095 3161 barbarorum
1113 3103 1250 3182 cymbae,

151 3217 226 3278 quas
241 3197 349 3254 merito
367 3193 662 3253 acbarmsvocares.
704 3187 892 3269 Nicephorius
911 3187 1080 3267 patriarcba
1102 3199 1132 3245 et
1154 3185 1252 3246 chm-

152 3287 241 3341 nieon
254 3277 401 3340 Paschale
416 3274 564 3356 μονόξυλα
577 3299 629 3338 eac
643 3277 814 3358 appellent,
835 3271 1049 3352 Theophanes,
1072 3275 1125 3352 qui
1137 3274 1252 3351 legerat

142 3365 302 3443 Pisidiam,
324 3374 354 3423 et
365 3364 534 3440 cedrenus,
564 3367 616 3444 qni
630 3359 867 3442 Theophanem,
896 3355 1011 3440 γλυπτοὶ
1027 3356 1132 3438 σκάφη
1148 3361 1251 3417 nomi-

152 3462 237 3510 nant.
279 3453 458 3510 Ammianus
479 3452 671 3508 Marcellinus
691 3453 728 3513 81
754 3451 790 3511 3:
812 3443 1088 3523 trarsssretabantur
1100 3445 1134 3502 in
1146 3444 1209 3502 dies
1223 3454 1253 3500 st

154 3547 266 3608 noctes,
294 3535 423 3596 navibue
441 3535 615 3614 ratibusque
634 3545 662 3592 et
680 3533 797 3592 ecstasis
810 3529 953 3589 arborum
963 3530 1059 3589 alveis
1073 3530 1254 3610 agminatim

151 3625 195 3680 im
234 3623 294 3680 citt.

190 3643 313 3770 Ρο437.
356 3703 500 3765 hactenus
509 3703 612 3764 Pisida
626 3704 684 3762 sibi
702 3704 786 3762 risus
803 3711 850 3760 est
861 3713 1031 3760 terrestrem
1049 3716 1185 3778 pugnam
1197 3695 1253 3754 de-

153 3793 324 3873 scripsisse,
355 3810 394 3850 ex
415 3810 474 3872 que
492 3790 603 3849 idcirco
618 3791 791 3868 Cpolitsuos
808 3790 936 3846 victores
958 3789 1089 3844 erasisse
1111 3782 1252 3855 declarat,

155 3883 226 3960 qrria
239 3879 362 3956 Sergius
376 3879 440 3936 sola
452 3877 594 3955 imaginis
611 3867 838 3954 dxctporrosriroo
856 3873 1132 3949 circumgestatione
1143 3867 1254 3926 barba-

154 3983 204 4023 ros
225 3967 409 4042 represserit.
451 3965 554 4042 itaque
575 3962 705 4038 primam
724 3960 881 4016 victoriam
903 3955 960 4014 deo
978 3964 1131 4033 acceptam
1152 3953 1254 4011 refert.

154 4045 215 4106 hoo
233 4068 306 4106 sane
319 4058 391 4126 puto
405 4049 566 4126 significari
577 4065 633 4124 per
643 4063 681 4102 ea
696 4043 787 4102 verba
801 4037 838 4103 ni
859 4045 942 4101 vairos
959 4043 1015 4118 τῆς
1033 4042 1155 4120 γραφῆς
1168 4049 1255 4116 terga

156 4132 207 4192 rel
220 4133 308 4190 dorca
317 4135 467 4212 pictavae.
514 4133 632 4192 sienim
647 4129 719 4187 velis
728 4129 869 4206 Sergium
882 4126 1015 4183 barbaris
1028 4125 1172 4183 obiecisse
1184 4123 1254 4182 rul-

154 4229 204 4277 tus
224 4221 404 4276 sancfissimi
422 4221 552 4276 anticam
569 4226 702 4295 partem,
731 4232 788 4292 per
807 4207 844 4274 roi
860 4211 1093 4281 anecdotorum,
1113 4206 1255 4266 videlicet

154 4302 345 4384 superficiem
361 4303 482 4360 tabulae
500 4323 535 4361 ac
552 4305 651 4380 ipsam
663 4300 753 4378 plane
766 4301 914 4379 picturam
925 4297 1095 4373 intelliges:
1117 4297 1160 4349 ita
1172 4293 1255 4348 enim

153 4387 191 4452 aci
208 4391 293 4452 νῶτα
305 4391 362 4468 τῆς
374 4383 534 4468 θαλάσσης
545 4389 637 4446 mans
650 4385 822 4464 superficies
835 4383 981 4462 explicari
997 4381 1084 4440 solet.
1113 4379 1140 4437 si
1154 4384 1256 4434 autem
