3017 4900
146 1309 149 1316 ,
196 1263 292 1372 nn
327 1257 849 1374 nxrannronu
883 1231 1209 1378 rnnsrol

462 1473 505 1546 M
542 1468 578 1546 Ο
615 1473 650 1546 N
687 1471 706 1544 1
742 1473 776 1546 T
811 1475 849 1552 U
883 1481 935 1552 lt

600 1719 807 1735 *deut—uu

141 1903 435 2008 Luctuosiaaimum
453 1966 488 2007 ae
505 1953 583 2028 pene
602 1945 793 2029 deploratum
808 1950 902 2012 fuiaae
918 1952 964 2012 rei
979 1952 1118 2035 publicae
1132 1963 1243 2014 matum

143 2043 208 2092 tum
223 2053 307 2110 erun,
330 2036 463 2094 extincto
475 2031 593 2110 Phoco,
616 2035 774 2094 Heraclius
788 2051 884 2115 regno
894 2039 1008 2117 potitur
1024 2050 1085 2114 eat,
1106 2041 1244 2098 unanimi

144 2121 280 2178 omnium
290 2121 469 2198 scriptorum
481 2119 676 2178 consensione
690 2120 899 2180 confirmatum
910 2133 965 2186 eat.
1006 2125 1151 2183 nimirum
1162 2126 1243 2184 cirea

143 2205 222 2263 inter
239 2223 271 2264 ae
290 2203 379 2264 divisi
396 2205 545 2264 interfinia
557 2205 723 2283 flagrabant
737 2205 825 2282 odila,
845 2217 876 2266 et
891 2209 1005 2267 mutuis
1019 2207 1161 2268 caedibus
1172 2229 1243 2268 ma·

144 2287 270 2365 debant3
292 2291 405 2349 Abarea
418 2291 451 2348 iu
462 2291 602 2368 proxima
613 2291 679 2349 loca
692 2294 805 2371 recepti
818 2302 849 2351 et
862 2294 956 2352 veluti
968 2296 1097 2353 civitatis
1108 2296 1174 2352 iure
1185 2293 1243 2353 do-

142 2377 225 2451 nati,
248 2373 304 2434 aad
323 2377 423 2434 animo
438 2395 558 2456 semper
571 2385 703 2455 agreatea
717 2386 748 2435 et
765 2375 917 2455 crudeles,
939 2397 1034 2438 norae
1048 2382 1081 2437 in
1096 2375 1162 2438 diea
1175 2389 1242 2438 tur-

141 2461 197 2521 baa
214 2461 348 2537 ciebaut3
371 2462 491 2521 barbari
505 2483 521 2520 e
536 2459 720 2542 Scytharum
735 2480 846 2541 genere
858 2465 893 2521 in
905 2466 1056 2525 Romanae
1070 2468 1242 2545 provinciae

140 2544 276 2629 undique
296 2546 476 2606 confluentes
495 2546 688 2607 incredibiles
706 2548 892 2608 calamitates
906 2551 939 2608 in
952 2570 1049 2609 unum
1069 2562 1242 2630 comporta·

139 2633 228 2707 bant3
251 2652 286 2691 ac
297 2635 406 2692 Persae
419 2630 545 2713 quidem
556 2635 774 2715 Mesopotamia
786 2636 942 2711 universa,
964 2636 1068 2717 Syria,
1089 2638 1240 2715 Aegypto,

139 2719 311 2779 Palaestina
331 2728 362 2776 et
379 2714 544 2777 Phoenicia
565 2722 732 2800 occupatio,
761 2717 985 2781 Chalcedouem
1009 2740 1107 2803 neque
1137 2720 1240 2797 delati,

140 2812 203 2862 tam
225 2803 289 2863 dira
312 2803 477 2883 cpolitania
497 2806 704 2880 minabantur,
726 2816 762 2864 nt
780 2825 889 2885 pamm
909 2807 1039 2865 abfuerit
1053 2808 1127 2889 quin
1142 2817 1241 2866 totum

140 2890 300 2969 imperium
323 2908 384 2947 una
410 2906 480 2946 cum
504 2891 571 2967 ipso
594 2892 716 2949 nomine
737 2892 859 2968 penitam
884 2888 1043 2954 deleretur.
1086 2893 1180 2970 igitur
1207 2894 1240 2949 in

140 2985 223 3034 tanta
243 2986 414 3054 temporum
438 2972 608 3033 calamitate
628 2983 659 3031 et
678 2976 814 3054 nequitia
827 2976 1040 3053 imperatorem
1051 2972 1242 3035 deeiderabat

140 3080 188 3120 rea
207 3061 346 3140 publica,
368 3061 422 3140 qui
439 3060 605 3139 plurimum
624 3059 753 3139 polleret
769 3060 882 3139 pietate
901 3060 1043 3135 coneilio,
1066 3070 1097 3119 et
1115 3062 1240 3119 militari

140 3148 274 3205 scientia.
317 3142 491 3204 huiuamodi
514 3144 605 3224 plane
623 3148 738 3219 viriam,
760 3145 883 3225 qualem
904 3166 1006 3205 rarum
1027 3142 1163 3204 condicio
1181 3164 1239 3224 pc-

140 3233 285 3308 rtulabat,
308 3251 343 3289 ac
362 3250 470 3289 rerum
490 3226 584 3289 heroa
604 3230 772 3290 Homericis
791 3227 933 3290 heroibus
955 3230 1047 3309 louge
1068 3231 1240 3290 anteferen-

139 3314 213 3377 dum
236 3328 266 3376 et
286 3318 353 3397 ipao
371 3313 546 3377 Alexandro
559 3320 706 3376 maiorem
721 3316 815 3375 fuiaae
830 3316 1003 3375 Heraclium
1017 3314 1171 3375 contendit
1184 3317 1240 3375 1³1-

139 3402 204 3461 aida
221 3404 254 3461 iu
267 3400 350 3461 hiace
364 3402 461 3461 tribua
472 3400 674 3472 American,
694 3404 727 3460 in
743 3403 854 3482 quibua
867 3398 1016 3481 deprime
1028 3403 1060 3460 in
1073 3398 1239 3462 chosroem

138 3484 230 3549 huius
259 3490 389 3547 nominis
416 3486 583 3547 secundum
608 3490 770 3547 Persarum
803 3506 906 3567 regem
937 3486 1133 3567 expeditione
1164 3489 1238 3567 agit.

139 3570 284 3653 equidem
305 3575 401 3632 fateor
420 3593 470 3631 me
484 3571 523 3631 ad
536 3576 681 3633 maiorem
696 3573 796 3632 auimo
809 3571 1037 3653 concipiendam
1053 3572 1092 3633 de
1107 3572 1240 3632 Heraclii

137 3660 250 3719 virtute
266 3660 439 3739 opinionem
454 3676 495 3716 ex
508 3656 633 3719 huiusce
650 3659 795 3737 pc'e'mutii
811 3660 941 3718 lectione
954 3658 1049 3718 fuiaee
1063 3661 1238 3730 excitatum,

137 3745 277 3827 quamvis
297 3764 417 3803 mecum
429 3746 495 3823 ipae
510 3755 680 3824 reputarem
696 3764 762 3803 eaae
779 3742 906 3803 formate
920 3744 1082 3817 nonnulla,
1105 3762 1184 3825 quae
1197 3760 1239 3801 ex

137 3833 259 3911 ingenio
272 3830 429 3890 scribentia
441 3841 544 3889 omata
559 3840 590 3887 et
601 3836 728 3910 poeseos
738 3829 888 3889 coloribus
899 3829 1048 3889 illnatrata
1058 3831 1127 3908 plna
1139 3829 1237 3886 nimie

137 3927 271 3975 mentem
291 3918 486 3997 animumque
508 3917 716 3996 percellerent.
757 3934 821 3975 non
837 3916 920 3973 enim
934 3925 980 3973 eat
994 3912 1167 3992 negandum
1180 3916 1238 3972 Pi·

138 3998 236 4059 aidam
254 4002 434 4083 plerumque
451 4002 497 4060 uti
518 4004 587 4061 otilo
606 3999 728 4079 turgido
749 4010 781 4058 et
802 3999 923 4073 inflato,
949 4008 1063 4058 actum
1076 4002 1236 4081 praecipue

138 4086 299 4164 ampullari
319 4088 353 4145 in
371 4096 449 4161 arte,
472 4106 543 4145 cum
562 4086 737 4147 Heraclium
753 4094 784 4143 et
798 4086 939 4165 Sergium
954 4082 1076 4159 laudat,
1098 4087 1237 4167 quamvis

137 4182 229 4251 aaep'e
250 4180 352 4230 tamen
370 4172 545 4253 profiteatur
565 4163 596 4233 et
615 4172 736 4231 auribna
756 4172 905 4245 inculcet,
928 4190 961 4229 ae
976 4190 1039 4229 non
1054 4169 1146 4231 modo
1161 4166 1239 4250 qnid

134 4257 208 4317 falti
231 4258 364 4314 Heraclii
382 4256 523 4318 laudibus
537 4276 694 4340 nunquam
707 4255 835 4332 addere,
857 4254 911 4316 aed
925 4253 1066 4315 nonnihil
1083 4256 1183 4335 potina
1197 4272 1238 4311 ex
1363 4287 1367 4298 ·

135 4344 211 4424 ipsis
225 4338 361 4401 deterere
383 4340 534 4423 (Acrone.
553 4348 570 4409 1
591 4340 663 4423 48).
707 4352 856 4416 cetemm,
880 4361 920 4400 ne
935 4339 974 4399 de
989 4342 1079 4399 malie
1093 4339 1238 4399 eccleciae

135 4426 259 4511 loquar,
276 4430 422 4533 ⁵utinam,
450 4446 543 4510 quam
568 4430 628 4489 luit
654 4428 742 4507 regni
764 4426 898 4487 Heraclii
922 4426 1086 4505 glorioamn
1106 4424 1238 4499 initium,
