3017 4900
310 426 354 473 xx
772 398 963 484 QUERGII

192 598 221 652 p.
236 578 303 636 xlx
321 574 389 652 μεῒν
400 565 473 645 τούς
488 565 662 652 βαρβάρους
675 565 765 653 salop
781 561 838 629 odo
855 560 959 640 αιίιοῖς
969 559 1093 647 ἠρεμεῖν
1105 556 1160 655 τὰς
1173 558 1311 645 αίρίαεις
1336 582 1412 623 oon-

301 681 361 731 tra
382 690 474 752 quem
497 682 598 730 autem
617 681 648 729 et
666 689 726 751 qua
743 680 845 727 mente
863 667 939 727 heeo
955 668 1105 746 scripserit
1122 666 1285 761 Georgrus,
1307 666 1413 724 multis

315 772 561 853 disputavimus
553 793 585 831 ιιι
605 773 736 846 Μοιιίεο,
762 770 844 852 quod
863 768 950 829 hoo
940 790 1041 848 ipsum
1062 756 1234 848 φοὸιιιοιίοιι
1246 765 1415 847 praeeedit.

302 884 394 934 'reate
408 872 578 955 quidem‘in
593 874 737 933 Severum
749 870 842 931 habet
855 874 992 931 titulmn:
1013 890 1085 929 nam
1099 870 1265 951 quemlihet
1279 890 1347 930 esse
1363 868 1415 929 di-

297 990 364 1036 'oas
385 997 456 1035 eum
473 995 565 1058 quem
586 975 641 1032 sub
662 972 721 1032 hoo
738 976 862 1034 nomine
881 976 1014 1053 exagitat
1032 970 1150 1047 Pisida,
1171 968 1415 1053 Menophysismi

299 1091 428 1139 'errores
443 1079 534 1159 plane
549 1075 600 1136 hic
616 1076 797 1153 refutantur,
824 1079 907 1137 ouius
929 1074 1088 1135 haereseos
1102 1072 1186 1133 idem
1200 1075 1329 1135 Severus
1344 1094 1415 1133 ma-

313 1186 416 1242 ximus
438 1192 581 1262 patrouus
599 1179 668 1236 fuit.
712 1176 878 1237 sednostra
891 1176 1014 1259 quidem
1028 1178 1174 1235 sententia
1191 1188 1251 1254 est,
1274 1178 1332 1237 sub
1353 1196 1415 1236 no-

313 1288 396 1344 mine
417 1284 522 1343 Severi
542 1283 717 1362 episoopum
739 1282 873 1363 aliquem
894 1280 1040 1357 intelligi,
1063 1282 1116 1361 qui
1133 1280 1237 1340 Severi
1254 1280 1365 1360 placita
1382 1290 1415 1339 et

170 1385 173 1393 ’
234 1364 240 1372 ⁶
299 1388 480 1446 ‘dootrinam
501 1393 602 1444 eontra
625 1381 772 1441 catholica
793 1380 933 1459 dogmata
951 1391 1018 1439 tum
1035 1364 1416 1461 temporisaoritertuere-

297 1500 378 1565 tur,
401 1499 431 1547 et
437 1487 533 1548 'huius
548 1496 646 1544 sectae
660 1495 729 1564 post
744 1485 892 1543 Severum
903 1484 1037 1565 aliosque
1056 1486 1119 1543 eius
1134 1486 1263 1545 asseclas
1278 1494 1367 1565 eaput
1381 1496 1416 1543 et

314 1602 401 1671 pater
414 1593 583 1649 exsisteret.
624 1606 699 1645 nam
711 1605 782 1645 eum
796 1604 861 1643 esse
875 1576 1041 1645 Iohannem
1052 1586 1265 1667 Philoponum,
1287 1590 1340 1669 qui
1352 1587 1415 1646 Se-

314 1695 379 1751 veri
398 1704 534 1771 tempore
555 1691 678 1749 florebat
691 1698 722 1747 et
732 1708 751 1747 a
765 1688 869 1747 Severi
885 1688 1020 1767 partibus
1034 1692 1166 1769 primum
1178 1693 1274 1765 stetit,
1300 1687 1415 1748 deinde

314 1813 386 1851 vero
409 1793 446 1850 ab
470 1813 505 1851 eo
529 1790 686 1850 discedens
705 1788 883 1849 Tritheismi
899 1800 1011 1851 sentam
1027 1794 1193 1869 constituit,
1213 1803 1245 1851 ut
1256 1794 1289 1849 iu
1301 1793 1416 1850 Prole-

315 1897 452 1975 gomenis
466 1893 503 1951 ad
518 1893 728 1951 Heroi'meron
740 1891 925 1951 declaratum
936 1905 994 1969 est,
1016 1914 1079 1953 non
1093 1838 1284 1953 concedimus
1298 1894 1415 1953 Allatio

299 2000 460 2075 aliisque,
482 1998 534 2088 qui
554 1997 617 2057 eius
639 1996 845 2054 auctoritatem
865 1999 960 2053 seouti
983 2008 1063 2055 sunt.
1108 2006 1138 2055 et
1157 2018 1209 2056 our
1226 2000 1310 2055 euim
1322 1998 1415 2056 malis

314 2079 535 2178 Philoponmn,
557 2097 595 2157 de
609 2117 669 2180 quo
683 2096 785 2156 nihil'
776 2116 808 2155 ιιι
823 2108 884 2157 toto
899 2104 1038 2178 poemate
1051 2101 1176 2157 ooourrlt
1183 2102 1305 2181 ,quein
1317 2100 1416 2159 Seve-

301 2220 385 2259 rum
405 2202 523 2279 ipsum,
531 2202 599 2286 qui
620 2199 730 2260 diserte
742 2202 929 2277 nominatur,
952 2202 1013 2260 suis
1026 2199 1110 2261 hisce
1124 2202 1231 2262 iambis
1243 2213 1347 2283 petere
1359 2205 1416 2261 Pi-

306 2299 439 2363 'sidaml
481 2299 536 2360 sed
557 2304 704 2361 Allatium
724 2304 888 2383 aliosque
879 2323 912 2361 m
931 2324 1061 2367 errorem
1080 2302 1208 2365 adduxit
1224 2304 1417 2384 Nioephoms

316 2406 474 2481 Callistus,
494 2405 574 2465 inter
588 2426 639 2466 eos
654 2392 708 2488 qni
722 2414 823 2464 contra
836 2402 1040 2486 Philoponum
1054 2410 1235 2488 scripserunt
1247 2408 1417 2488 Georgium

316 2517 452 2567 nostrum
473 2507 518 2565 sio
536 2507 737 2569 adnumerans
754 2509 807 2571 lib.
824 2510 864 2574 18
889 2529 915 2566 ο.
928 2507 986 2574 48:
1008 2509 1057 2574 tut
1072 2495 1215 2596 tt'rorlrp
1237 2509 1281 2592 (i.
1300 2529 1329 2568 e.
1345 2520 1417 2589 post

316 2613 498 2670 Leontinum
515 2607 716 2687 monachum)
737 2609 791 2672 ιιαί
807 2607 823 2674 ἆ
838 2603 1011 2691 θαυμάσιος
1031 2607 1173 2690 διάκονος
1192 2611 1244 2676 καί
1267 2613 1420 2696 (lantper-

318 2708 424 2792 διίριος
446 2704 594 2792 Γεοίργιος
614 2709 631 2775 d
651 2713 815 2792 Πιασίδης,
845 2705 1075 2794 η’ίικιοίτηςοίν
1097 2714 1217 2798 ίιιείνφ,
1248 2714 1277 2778 εί
1299 2713 1353 2778 καί
1369 2717 1418 2800 τρι·

318 2805 417 2896 χρόνφ
431 2813 501 2875 λίαν
512 2807 671 2893 νεαίτιρος,
693 2811 726 2877 ίν
746 2809 865 2895 ίιίμβων
881 2814 998 2899 μέτροις
1015 2811 1160 2900 α’ρίσιοις,
1182 2812 1281 2899 ὥσπερ
1296 2817 1417 2881 atomo

317 2908 462 2996 γριίφειν,
483 2908 560 2993 ιιρός
572 2910 628 2995 τήν
641 2913 803 2998 εἰρημένην
819 2917 935 2999 αἵρεσιν
949 2912 1089 3001 οἷντιβοίς,
1113 2920 1165 2984 καί
1176 2915 1305 2994 παιδιρίν
1317 2937 1418 2984 σπευ-

318 3017 360 3099 δῇ
374 3007 533 3095 ιιεραννιίς,
556 3011 635 3080 οὕτω
649 3042 715 3094 ταας
726 3015 910 3101 διεξέρχεται,
933 3017 1053 3103 οφόίρα
1070 3021 1224 3106 διελέγχων
1236 3019 1270 3087 τί
1287 3019 1417 3086 dromo.

318 3118 483 3198 ψηφίζεται
497 3121 612 3182 θᾶττον
627 3119 701 3198 μίαν
715 3142 747 3184 τε
759 3121 810 3186 sul
825 3125 914 3204 μίαν·
937 3125 965 3187 εί
976 3119 1034 3209 γοίρ
1046 3126 1119 3206 μίαν
1130 3148 1161 3188 τε
1170 3124 1222 3188 ναί
1234 3125 1309 3206 μίαν
1320 3121 1418 3208 λέγεις

319 3221 410 3300 μίαν,
431 3217 524 3304 γίλας
534 3214 569 3283 ἰα’
580 3217 688 3301 ίεγθίν
699 3222 830 3304 γίγνεται
842 3225 894 3288 καί
905 3227 1045 3301 παιδίοις
1086 3223 1147 3292 ’ὁδί
1158 3245 1250 3310 φησι,
1271 3219 1418 3292 τοιοῦτόν

199 3401 211 3426 ,·
319 3320 409 3383 ἔστιν
451 3319 620 3402 ὁμολογεῖς,
649 3325 742 3403 φησί,
772 3322 995 3404 φιίοτιονοίιατι
1017 3327 1069 3392 sol
1090 3322 1333 3410 φιίοσοφοίιατε,
1356 3323 1418 3393 dv‘o

320 3417 428 3500 φύσεις
441 3419 626 3508 ἡνῶσθαι
596 3447 639 3485 τοι
626 3419 742 3509 λόγῳ,
765 3427 887 3507 μίαν
848 3451 904 3510 της
914 3424 1058 3510 θεότητος
1070 3429 1122 3494 καί
1136 3433 1262 3513 μίαν”
1221 3453 1276 3512 της
1289 3425 1418 3514 ἅνθρω-

319 3516 460 3604 πίτητος·
483 3523 510 3585 εί
532 3511 637 3587 τοίνυν
660 3519 718 3589 tio
743 3523 854 3608 φύσεις
868 3529 961 3613 ίίγεις
978 3532 1214 3658 συνεληλυθέναι
1228 3527 1327 3618 αιίτφ,
1349 3535 1418 3609 κοῖς

320 3625 365 3700 είς
387 3625 460 3706 μίαν
479 3616 573 3699 αυθις
597 3648 651 3698 τας
676 3619 732 3692 δυο
754 3631 932 3712 ουσιίίλειςς
953 3636 1043 3715 φησί·
1062 3633 1171 3715 μία
1132 3660 1191 3720 γαρ
1208 3634 1261 3700 ιιαί
1276 3635 1333 3717 μία
1349 3629 1418 3714 duo,

320 3721 388 3791 ἄλλ’
405 3722 472 3808 ουχί
484 3728 546 3810 μία
588 3725 681 3809 γίίας
692 3753 770 3813 γουν
783 3733 814 3796 εί
822 3758 867 3809 τις
879 3730 955 3798 ιιαια
967 3741 1025 3800 του
1036 3731 1346 3819 αιίιοῦιίιιοιιειμίνον
1358 3731 1420 3802 do'o

213 3853 241 3910 p.
256 3833 309 3890 xx
325 3831 507 3913 κατηγοροίη
529 3851 616 3905 τινα,
631 3829 683 3895 καί
701 3824 797 3910 αὖθις
816 3835 867 3899 ἵν
870 3831 963 3901 πάλιν
978 3836 1016 3902 τα
1032 3844 1157 3905 τοιαῦτα
1172 3845 1299 3905 ποιοῖτο.
1342 3837 1425 3898 haec

320 3943 422 3991 autam
441 3933 544 3994 omnia
565 3942 645 3992 recte
656 3952 675 3992 a
686 3933 855 4016 Nicephoro
869 3937 909 3998 ed
922 3940 1042 4002 Pisidae
1055 3943 1147 4003 rerba
1161 3936 1355 4023 explananda
1369 3940 1424 4000 di-

296 4037 301 4062 ¹
320 4045 368 4092 ota
382 4054 450 4094 esse
460 4023 608 4111 fatemur,
629 4033 684 4094 aed
697 4039 830 4099 Pisidam
845 4043 946 4122 ipsum
959 4040 1009 4104 hio
1023 4045 1200 4126 impugnare
1212 4041 1424 4123 Philopouum

319 4153 476 4213 negamus.
501 4156 600 4196 error
615 4140 698 4197 enim
710 4139 872 4222 Philoponi
886 4148 1064 4226 praecipuus
1080 4149 1139 4207 fuit
1155 4157 1189 4206 ut
1202 4145 1384 4227 hypostases
1402 4164 1427 4205 a

249 4239 252 4251 '
323 4237 438 4295 naturis
452 4255 514 4296 ιιοιι
525 4236 733 4319 distingueret,
755 4264 791 4304 eo
804 4243 929 4326 proinde
942 4257 1003 4308 tres
1017 4259 1138 4310 naturas
1150 4251 1183 4308 iu
1196 4249 1254 4310 SS.
1267 4248 1427 4308 Trinitato

322 4336 509 4421 adfirmaret,
539 4339 621 4402 amde
641 4342 774 4424 tritheits
793 4351 908 4429 passim
929 4347 1032 4430 audit3
1064 4349 1105 4412 ad
1124 4370 1219 4433 quam
1237 4349 1428 4413 senteutiam
