3017 4900
277 365 326 439 64
623 361 624 366 ’
712 364 775 434 DlJ
799 362 944 435 cettan

275 541 384 594 ventus
405 529 567 614 separatim
586 549 674 612 agere
694 531 794 614 primo
815 531 983 614 coepissent
998 531 1033 591 in
1048 528 1237 592 Constantini
1249 530 1383 610 balneis,

275 630 381 700 postea
402 631 490 678 extra
510 619 618 678 urbem
639 621 673 677 in
695 615 871 704 Ξυίακίρκρι
891 639 947 678 seu
967 619 1001 676 in
1019 618 1105 677 Circo
1131 618 1251 696 ligaret),
1287 637 1384 700 quem

274 707 488 764 Constantinus
516 699 607 786 μήπω
636 699 695 785 κήν
720 698 815 768 πόλιν
834 704 1007 776 συνοικίσας
1029 703 1074 778 είς
1092 697 1283 785 ἱπποδρόμου
1299 703 1384 766 θίαν

274 785 425 870 luciduco,
453 785 556 865 ξύλοις
567 788 790 874 περιτειχίσας,
824 799 861 848 ut
888 790 932 847 ait
961 789 1167 865 Sozomouus,
1199 809 1253 849 cos
1277 807 1383 868 egere.

271 879 405 956 perstitit
419 885 521 936 autem
533 875 798 957 Xylocaroetarum
812 883 894 935 saeta
905 894 961 934 seu
972 876 1193 951 loannitarnm,
1214 875 1259 932 uti
1271 875 1383 954 appel-

272 961 376 1021 lantur
400 969 557 1040 praeterea
576 979 595 1021 a
614 961 781 1026 Socratab
811 963 851 1023 16
872 965 945 1026 eti
973 959 1034 1035 25,
1065 977 1162 1040 nsque
1185 956 1226 1018 ad
1241 970 1385 1040 tempora

272 1047 374 1106 Procli
388 1048 521 1127 episcopi
532 1047 596 1125 cit,
618 1050 672 1130 qui
683 1043 809 1106 tandem
820 1063 873 1105 eos
885 1044 925 1105 ad
937 1041 1127 1104 concordiam
1140 1042 1263 1104 reduxit
1272 1043 1384 1105 Theo·

274 1129 360 1192 <losio
379 1151 436 1192 κη
459 1133 600 1210 consule,
623 1144 658 1192 ut
673 1129 808 1212 prodsmt
823 1129 908 1190 idem
923 1129 1097 1195 Socrates?
1117 1128 1177 1207 44,
1199 1127 1385 1191 Theodoro-

274 1227 326 1278 tus
346 1217 367 1283 6
387 1215 447 1293 34,
475 1229 507 1278 et
527 1215 732 1298 Theophanes
755 1237 784 1278 a.
801 1217 845 1281 30
866 1214 1034 1276 Theodosii
1059 1216 1199 1275 iunioris.
1241 1214 1384 1276 sednon

275 1299 386 1362 desunt
407 1303 461 1384 qui
482 1323 501 1361 a
523 1305 646 1362 nemina
672 1305 779 1384 ignem
800 1299 856 1362 sad
881 1300 1025 1361 divinitus
1052 1301 1224 1361 immissum
1245 1299 1384 1378 tsudsmt,

274 1386 359 1470 quod
379 1389 458 1448 vella
476 1385 597 1448 videtur
616 1390 826 1464 Marcellinus,
852 1397 886 1446 nt
899 1397 930 1447 et
941 1384 1068 1446 hiuoria
1084 1387 1275 1446 conciliabuli
1293 1388 1385 1447 exci-

168 1474 261 1533 rost
277 1477 332 1532 tati
356 1484 458 1532 contra
477 1475 623 1534 Ioannem
644 1473 908 1555 Chrysostomumt
935 1465 1014 1536 καθ’
1032 1467 1075 1552 ἣν
1096 1468 1131 1535 δὲ
1149 1469 1267 1579 ἡμέραν
1283 1471 1304 1536 o‘
1318 1476 1384 1538 τιῦν

275 1563 392 1623 πιστοῦν
407 1555 494 1641 ἥλιος
508 1553 564 1622 ἄπ’
582 1553 684 1623 adroic
698 1561 751 1624 Ιδυ
764 1552 988 1641 δξοριζδμινος,
1008 1560 1072 1639 πῦρ
1092 1562 1184 1620 θεῖον
1201 1552 1264 1622 απδ
1285 1556 1384 1638 μέσου

274 1649 332 1708 τοῦ
349 1639 483 1729 θρόνου,
506 1643 540 1708 ἒν
557 1635 848 1729 ρδκαδήμευοςταῖς
861 1643 958 1727 ἱεραῖς
974 1644 1110 1722 διδαχαῖς
1124 1639 1197 1717 τοῦς
1207 1637 1384 1718 δκοῦοντας

273 1722 452 1812 διιῦρσευεν,
473 1728 504 1805 ἒξ
522 1724 667 1812 οῦδεμιῦς
680 1725 880 1812 ἀνθρωπίνης
894 1729 993 1803 αἰτίας
1005 1721 1159 1808 οἶναφδίν,
1177 1727 1230 1791 sol
1241 1729 1285 1804 είς
1295 1723 1384 1807 ῦψος

274 1811 328 1878 διδ
349 1818 412 1877 sois
431 1809 569 1878 uitiosos
592 1811 694 1894 ὄφεως
712 1809 828 1897 τρόπον
853 1813 971 1897 ἔρψαν,
995 1812 1046 1876 tat
1065 1807 1167 1878 νότου
1183 1813 1382 1892 δκτιτίνακτο,

274 1903 332 1963 τοῦ
353 1899 547 1966 δπισκοπείσυ
570 1896 628 1980 τήν
651 1895 731 1980 ῦίην
751 1893 1060 1981 καταλυμαινδμενον.
1100 1895 1383 1981 tertiandum

273 1977 449 2066 σίπηίιοίι-ης
470 1977 654 2060 ἐπιπνεύσας
669 1985 828 2067 σφοδρῶς,
848 1983 902 2048 sat
920 1977 981 2048 ῦπδ
1000 1987 1057 2065 τῆς
1078 1981 1239 2066 δκκίησίας
1256 1983 1308 2049 tut
1324 1979 1383 2049 τῦν

273 2066 434 2151 βασιλικῦν
456 2063 542 2133 οἶκον
556 2074 613 2152 τῆς
628 2065 799 2155 συγκλήτου
816 2069 991 2153 γερουσίας,
1011 2067 1062 2133 tut
1080 2071 1271 2154 μεσημβρίαν
1282 2071 1384 2152 κείμε-

271 2177 346 2232 νον,
368 2151 532 2238 διενεγκών
552 2153 586 2220 εδ
602 2159 683 2234 πῦρ,
708 2155 752 2230 είς
768 2153 853 2230 κίδος
865 2149 1091 2237 κατείυμήναιο
1106 2151 1211 2222 αῦτὸν.
1252 2155 1287 2220 tv
1300 2153 1385 2238 τρισί

270 2241 378 2304 τοίνυν
401 2235 496 2322 ῦραις
514 2243 570 2320 τῆς
590 2238 705 2323 ημίρας
721 2239 818 2324 ἔργον
834 2242 1044 2323 πολυρρονίαν
1056 2237 1225 2321 κατασκευή
1239 2239 1292 2304 καὶ
1307 2235 1384 2304 κᾶδ-

272 2329 328 2399 tot
346 2319 556 2408 ἆνίκφραστσν
569 2325 773 2408 ἐξηφανίσθη.
814 2345 915 2410 nsque
934 2336 1037 2386 tamen
1055 2337 1120 2388 tota
1132 2326 1326 2406 conflagravit
1343 2345 1383 2386 eo

272 2410 414 2473 incendio
441 2431 553 2494 magna
581 2412 724 2493 ecclesia,
757 2409 813 2473 sed
834 2416 1012 2493 praesertim
1034 2432 1071 2473 ea
1093 2433 1164 2496 pars
1184 2431 1263 2495 quae
1283 2415 1385 2472 Bema

272 2499 491 2579 complectitur.
534 2496 704 2560 cedrenus:
725 2496 759 2564 δν
776 2494 811 2562 dl
823 2522 862 2649 'dl
878 2499 980 2587 ίξορίρι
994 2492 1092 2563 αῦτοῦ
1110 2496 1169 2580 ταῖν
1184 2496 1384 2579 δκκίησίυνδ

271 2578 344 2657 tato
358 2588 415 2666 τῆς
427 2576 544 2660 πόλεως
557 2582 740 2669 ίνέπρησιυ,
763 2582 807 2659 σῦς
882 2580 970 2649 illios
988 2586 1099 2664 φασίν,
1118 2578 1165 2649 ’δτι
1177 2589 1239 2665 πῦρ
1253 2579 1383 2660 ἐξείθδυ

272 2666 308 2733 ta
328 2672 386 2732 τοῦ
407 2669 626 2752 θυσιαστηρίου
644 2664 746 2734 πάντα
764 2666 938 2733 κατίκαυσε.
979 2668 1014 2729 id
1028 2672 1152 2731 omnino
1165 2668 1268 2751 prodit
1280 2672 1383 2729 Geor-

272 2756 342 2834 gius
359 2752 585 2816 Alexandrinus
605 2756 639 2813 in
659 2758 722 2816 vita
740 2752 948 2837 chrysostomi
964 2754 1046 2835 apud
1059 2754 1221 2833 Photium,
1244 2757 1381 2815 scribens

271 2858 342 2897 earn
364 2842 555 2920 potissimum
571 2850 689 2921 partem
704 2839 845 2901 incendio
870 2840 1061 2921 absumptam
1081 2862 1158 2925 quae
1177 2844 1255 2900 circa
1270 2840 1382 2900 ambo-

271 2943 345 2983 nem
360 2935 439 2984 erat:
461 2924 514 2988 καί
530 2922 564 2989 τῦ
585 2928 648 3007 πῦρ
664 2921 810 3007 ἀναφθὲν
823 2928 879 3006 τῆς
890 2923 1114 3005 δκκίησίαςτοῦ
1126 2923 1269 3007 ἔμβυνος
1281 2923 1381 2989 reond

271 3014 335 3072 τιῦν
352 3011 438 3091 πέριξ
455 3004 687 3093 πατενεμῆσαιο.
730 3009 815 3071 addit
830 3031 999 3092 anonymus
1014 3012 1185 3072 combefisii
1199 3008 1257 3093 τήν
1271 3011 1383 3094 στίγην

272 3099 327 3175 τῆς
340 3095 498 3178 ἐκκλησίας
513 3100 626 3179 pariter
643 3097 860 3177 conflagrasset
881 3096 936 3157 aad
954 3108 1050 3173 errat,
1073 3118 1143 3157 cnm
1155 3096 1188 3160 id
1203 3097 1258 3157 sub
1270 3096 1382 3157 Theo-

273 3177 359 3240 dosio
374 3184 417 3241 M.
432 3202 461 3241 a.
475 3186 513 3258 6,
536 3204 606 3242 cum
627 3181 760 3243 secunda
779 3181 913 3266 synodus
930 3181 1034 3243 habita
1047 3193 1093 3243 est
1106 3184 1194 3263 cpoli
1208 3193 1240 3242 et
1252 3182 1381 3242 cedente

271 3266 418 3345 Gregorio
441 3270 597 3328 Nectarius
621 3270 801 3329 substitutus
823 3280 869 3329 est
894 3267 1080 3349 patriarcha,
1102 3267 1245 3328 accidisse
1265 3267 1382 3328 subdit.

272 3346 405 3433 denique
423 3370 536 3431 magna
552 3354 679 3415 ecclesia
700 3374 821 3415 rursum
839 3355 1032 3435 conflagravit
1049 3356 1182 3413 Honorio
1196 3357 1379 3434 imperante,

271 3436 361 3495 atauo
378 3454 416 3495 111
439 3448 469 3494 et
490 3438 674 3519 Symmacho
691 3459 786 3516 coss„
808 3451 843 3499 ut
857 3451 961 3499 auctor
979 3451 1023 3500 est
1038 3442 1231 3500 Marcellinus
1249 3440 1379 3499 comus

272 3520 417 3599 templum
433 3523 534 3601 regias
548 3522 632 3583 urbia
643 3526 714 3605 igne
727 3536 905 3600 ονονιιασευπς
927 3528 1011 3586 cuius
1027 3523 1151 3607 quidam
1162 3523 1296 3585 mceudii
1308 3544 1380 3584 me-

270 3608 360 3665 minit
375 3608 441 3687 ipso
463 3610 614 3669 Honorius
626 3610 659 3669 in
671 3612 844 3693 Rescripta,
866 3610 949 3692 quod
966 3621 1066 3672 exstat
1078 3622 1148 3693 post
1161 3612 1321 3691 epistolam
1333 3612 1378 3675 31

269 3694 438 3751 innocentii
450 3694 512 3753 PP.
555 3704 721 3756 restaurata
730 3695 925 3777 postmodum
940 3718 960 3757 a
972 3695 1145 3758 Theodosio
1161 3699 1298 3772 luniors,
1319 3693 1380 3754 da-

271 3774 369 3837 dicata
389 3788 435 3837 est
459 3780 497 3838 ab
518 3782 618 3841 Attico
635 3781 805 3861 patriarcha
819 3784 878 3843 ΟΡ.
896 3786 957 3847 a.7
971 3781 1107 3844 eiusdem
1118 3780 1303 3858 Theodosii,
1325 3782 1380 3840 in-

270 3858 343 3922 dict.
362 3864 419 3940 18,
441 3865 574 3926 Honorio
591 3886 616 3926 x
637 3878 667 3928 et
686 3866 862 3930 Theodosio
875 3888 910 3929 vr
927 3888 1004 3929 coss.
1046 3868 1215 3930 Chronioon
1236 3868 1381 3927 Alexan·

271 3946 411 4008 drinum:
433 3954 476 4035 τῷ
490 3944 572 4038 αῦτρῦ
587 3950 838 4035 &ostentatura
853 3950 891 4017 sd
904 3954 1040 4037 ίγκαίνια
1050 3959 1106 4035 τῆς
1121 3950 1252 4037 μεγάλης
1267 3952 1380 4032 tasin·

270 4033 339 4107 σίας
358 4030 707 4115 Κανσταντινουπόίεως
728 4038 803 4121 μηνί
818 4039 955 4124 Γορπιίρο
969 4036 1030 4121 πρδ
1044 4034 1070 4113 ς’
1084 4042 1159 4103 ίδῦν
1173 4038 1378 4119 Ὀκτωβρίων,

268 4115 368 4205 ημίρρι
397 4126 538 4209 κυριακῇ.
581 4126 663 4183 stetit
682 4146 772 4205 porro
793 4146 904 4205 magna
922 4126 1049 4201 ecclesia
1072 4145 1169 4208 usqua
1190 4121 1228 4183 ad
1250 4143 1279 4183 a.
1299 4122 1376 4197 530,

271 4208 375 4286 quoin
390 4204 537 4266 seditione
554 4228 645 4291 qnam
656 4212 887 4273 victoriatorum
902 4223 1027 4288 vocant,
1047 4215 1184 4270 maxima
1203 4210 1286 4268 urbis
1303 4226 1377 4287 pars

269 4288 409 4351 incendio
427 4305 603 4375 consumpta
618 4306 682 4373 est3
705 4308 795 4379 atque
810 4300 890 4357 inter
902 4298 963 4357 alia
976 4296 1112 4357 aedilicia
1128 4314 1205 4378 quae
1220 4315 1257 4354 oo
1272 4291 1378 4352 delata

269 4386 356 4459 sunt,
386 4396 498 4463 magna
526 4380 653 4443 ecclesia
679 4402 748 4446 oum
774 4382 931 4466 stupendis
954 4393 986 4444 ct
1008 4379 1193 4444 admirandis
1212 4380 1375 4455 columnis,
