3017 4900
293 427 346 504 98
729 423 791 496 DU
824 425 965 498 ernon

294 595 399 656 sulem
417 591 499 655 lrsno
519 591 654 655 medinm
677 592 847 672 illustrentt
870 594 955 654 onius
975 591 1055 654 letus
1068 613 1196 675 vergens
1211 595 1244 654 in
1257 594 1337 672 letus
1350 595 1403 656 in-

294 685 389 742 terius
403 699 460 742 sex
474 679 620 741 viridibus
636 681 785 740 oolnmnis
800 692 932 754 ornetur.
974 677 1084 740 herum
1097 681 1327 741 interoolumuie
1342 679 1402 742 hs·

294 766 369 828 irent
383 768 502 847 pluteos
517 768 632 826 similes
645 768 757 847 pluteis
772 769 887 848 primes
903 765 1001 824 eules.
1045 785 1164 826 uomere
1183 765 1283 826 medie
1304 771 1401 827 susti·-

292 863 383 912 netnr
403 853 553 912 columnis
575 854 708 912 oolorsm
723 852 860 912 medium
874 855 953 910 inter
964 851 1067 910 elbum
1080 863 1109 912 et
1123 855 1266 932 glsuoum
1278 873 1350 932 pree
1364 873 1401 913 ιι

292 939 474 1014 ferentibus,
493 939 527 996 in
543 936 723 1020 quadratum
736 937 875 998 ordinem
892 935 1059 1016 dispositis,
1084 957 1211 1020 querum
1227 937 1304 997 dune
1317 949 1402 997 stent

292 1039 356 1084 non
373 1024 465 1103 longe
478 1044 497 1083 e
511 1025 606 1083 lutere
620 1025 777 1099 exteriori,
800 1024 934 1105 reliques
952 1021 1029 1082 duee
1045 1043 1152 1103 perum
1170 1025 1278 1084 obsunt
1293 1025 1331 1082 eb
1347 1027 1401 1082 in-

292 1111 396 1169 teriori
407 1111 502 1168 lutere
515 1119 621 1170 orosto
632 1129 689 1168 sex
702 1112 861 1170 oolumnis.
904 1129 944 1168 ex
958 1106 1015 1168 heo
1028 1108 1129 1168 merlis
1142 1111 1210 1168 nuls
1227 1112 1327 1168 exitus
1340 1127 1401 1190 pe-

293 1205 339 1254 tet
354 1197 388 1253 in
408 1197 545 1270 tertium,
565 1216 622 1276 per
634 1214 738 1255 eroum
751 1193 815 1255 tem
827 1197 888 1254 lete
901 1204 1056 1274 petentem
1070 1214 1163 1278 quom
1177 1197 1320 1270 elterum,
1342 1215 1402 1275 per

293 1297 388 1362 quem
410 1279 510 1340 editus
533 1292 580 1340 est
601 1300 618 1340 α
639 1283 737 1361 prims
759 1283 828 1340 suls
844 1284 876 1340 in
891 1279 1066 1340 seeundum.
1108 1285 1196 1340 tertie
1210 1283 1279 1340 aule
1289 1283 1404 1340 similis

292 1377 339 1426 est
351 1367 467 1446 primae
480 1367 568 1426 eules
580 1366 785 1446 longitndine,
805 1368 962 1444 fenestris,
983 1365 1209 1447 pemstedibus,
1233 1369 1403 1442 columnis3

292 1453 404 1534 quibus
422 1461 564 1534 quattuor
576 1454 740 1512 sustinetur
754 1457 819 1512 eius
835 1471 969 1524 cernere,
992 1464 1021 1512 et
1039 1453 1118 1512 lutus
1137 1455 1261 1512 interius
1277 1471 1334 1512 sex
1349 1455 1404 1510 ri·

290 1536 419 1598 ridibns.
459 1539 523 1597 ism
533 1557 605 1599 vero
617 1541 697 1598 inter
708 1539 787 1618 pilos
800 1537 891 1614 duos,
913 1539 1020 1620 quibus
1033 1541 1195 1598 sustinetur
1209 1548 1315 1618 quartu
1327 1558 1402 1618 pore

290 1621 437 1706 sphaerae
457 1622 667 1698 oooidentelis,
690 1633 812 1684 exstent
834 1633 975 1705 quattuor
995 1624 1154 1684 oolumnoo
1173 1621 1302 1698 virides,
1325 1642 1404 1682 eoe-

291 1709 425 1791 demque
440 1709 531 1768 binee
548 1711 628 1768 inter
640 1729 674 1768 se
687 1713 879 1769 ooniunotse:
901 1711 980 1768 inter
993 1707 1050 1768 hes
1065 1708 1253 1770 intercedunt
1270 1728 1327 1769 sex
1342 1729 1403 1770 oo-

288 1797 434 1856 lnmellse
449 1793 561 1856 virides
576 1798 706 1854 lonioee.
750 1792 896 1854 haetenus
912 1797 1043 1874 GyllIus.

375 1878 428 1945 40.
471 1881 508 1938 ln
527 1883 653 1940 istarum
667 1881 804 1939 nnlerum
823 1883 1012 1961 superiorum
1029 1899 1089 1939 uuo
1102 1880 1279 1960 imperatrix
1294 1879 1401 1939 oonsi-

290 1973 370 2026 stere
384 1965 508 2039 solebat,
530 1985 601 2024 oum
613 1963 725 2025 divinis
738 1966 846 2026 officiis
861 1969 1013 2026 intererat.
1035 1965 1068 2024 id
1083 1963 1193 2025 diserte
1210 1964 1303 2046 trudit
1312 1967 1401 2025 Eue-

288 2055 391 2131 grint,
419 2051 473 2108 nbi
495 2047 534 2109 de
556 2052 704 2110 oolumnis
718 2049 921 2126 Thessaliois,
952 2071 1029 2132 quse
1050 2049 1090 2110 nd
1109 2054 1345 2130 septentrionem
1366 2059 1401 2110 et

288 2135 449 2196 meridiem
461 2145 624 2218 utrumqne
636 2155 741 2196 eroum
753 2139 1018 2216 septentrionalem
1033 2147 1064 2195 et
1072 2135 1274 2196 meridianum
1285 2135 1401 2196 sufful-

289 2224 392 2283 oiuntt
414 2221 448 2284 ἐν
467 2223 555 2307 διξιρλ
573 2219 608 2285 dl
623 2219 676 2285 sol
694 2219 771 2285 sosoi
788 2219 821 2286 sd
838 2217 999 2303 ευόίνοριον
1010 2224 1112 2297 ιιίονις
1124 2217 1227 2297 αὐτοῖς
1242 2215 1401 2304 περιτετά-

307 2330 375 2370 αται
388 2307 421 2370 ts
439 2309 590 2370 Θιπαλοιῖ
604 2309 696 2372 λίθον
715 2307 932 2388 ιιοιιοιημίνοι·
963 2305 1091 2392 ιλιιιρηῖα
1112 2305 1145 2370 di
1165 2310 1401 2388 μακαρίζουσιν

286 2331 400 2476 {sipoto
414 2393 636 2475 παραπλησίοις
651 2394 743 2471 ιιίοσι,
764 2387 950 2477 προκύπτειν
965 2400 1029 2469 τοῖς
1045 2391 1244 2475 βουλομένοις
1261 2389 1400 2467 διδόντες

287 2476 321 2554 ἔς
339 2474 378 2541 sd
398 2473 581 2559 τελούμενα,
609 2474 689 2544 dise
708 2478 762 2543 ααλ
782 2478 807 2562 η
827 2478 946 2561 βασιλλς
964 2483 1106 2563 παροῦσα
1126 2486 1191 2555 ταῖς
1213 2478 1335 2563 ἑορταῖς
1357 2482 1399 2566 τῇ

287 2563 444 2651 ἱερουργία
456 2569 519 2629 τοῖν
531 2566 704 2647 μυστηρίων
716 2564 883 2644 ίφίσσαται.

372 2652 425 2714 41.
468 2653 505 2708 ln
523 2648 603 2709 hsno
624 2666 766 2730 superem
783 2648 866 2710 sedis
885 2659 1003 2729 portem
1025 2668 1166 2709 esoensns
1183 2649 1287 2709 existit
1302 2657 1398 2730 quet-

286 2742 356 2794 tnor
368 2728 515 2810 trochleis,
538 2753 615 2816 quos
626 2734 693 2794 dixi
706 2734 747 2795 sd
760 2734 930 2795 fulciendos
942 2746 1083 2816 qusttuor
1098 2738 1228 2795 msiores
1238 2735 1317 2815 pilus
1332 2754 1397 2793 uns

287 2838 358 2879 oum
371 2838 458 2879 muro
474 2822 649 2901 opposuisse
663 2824 880 2895 lustinisnnm‚
911 2840 981 2879 oum
1004 2822 1173 2901 collapsum
1193 2818 1397 2900 hemisphse-
1489 2878 1490 2890 ,

286 2906 367 2965 rium
386 2904 486 2965 denno
505 2908 693 2966 instauravit.
734 2908 857 2987 κοχλίας
879 2905 1031 2966 cedrenus
1056 2906 1189 2986 appellet
1211 2907 1279 2965 looo
1300 2925 1396 2984 snpra
1488 2936 1489 2952 ι

287 2986 438 3070 descripto
452 3010 484 3050 n.
497 2994 548 3067 86,
569 2988 625 3051 sed
638 3010 701 3051 non
717 2994 790 3053 setis
808 2995 936 3072 proprie,
954 2994 1052 3072 inquit
1068 2992 1196 3070 Gyllius,
1212 3010 1282 3049 oum
1293 2994 1395 3070 magis
1486 3046 1487 3075 ρ

285 3077 319 3135 in
334 3077 523 3135 onfreotuum
537 3078 720 3137 normulium
740 3097 832 3159 quem
849 3075 1038 3137 ooehleorum
1054 3074 1182 3135 modum
1195 3075 1308 3156 gradus
1322 3096 1395 3136 snr-

286 3172 375 3241 gunt:
399 3165 533 3243 quinque
554 3166 636 3223 enim
651 3164 689 3223 ab
707 3164 889 3223 snireotibus
907 3164 944 3221 eb
961 3164 1022 3221 imo
1039 3159 1224 3237 ascenditur,
1254 3181 1317 3221 non
1332 3182 1395 3220 ex·-
1483 3220 1484 3227 ,

286 3250 430 3325 esperstis
441 3249 475 3305 in
491 3247 618 3326 gradus,
648 3246 703 3308 sed
718 3252 752 3307 in
766 3250 892 3309 mollem
905 3250 1017 3307 olivum
1032 3246 1208 3307 substructis
1223 3268 1264 3307 ex
1279 3248 1394 3327 amplis

283 3333 397 3390 mensis
411 3336 598 3394 marmoreis.
641 3332 750 3394 horum
771 3336 904 3416 quinque
928 3334 1116 3391 sufreotuum
1136 3333 1248 3412 singuli
1262 3332 1316 3391 ulti
1329 3352 1394 3391 un-

284 3412 432 3493 deviginti
446 3415 540 3495 pedes
561 3429 592 3477 et
612 3417 838 3500 sesquipedem,
863 3420 917 3478 luti
930 3420 1064 3500 quinque
1076 3416 1187 3498 pedes3
1221 3418 1394 3499 exquibus

283 3510 368 3579 petet
387 3504 592 3579 perimentum
615 3507 804 3583 superiorum
827 3507 997 3584 portionum
1020 3524 1073 3563 sen
1095 3504 1356 3585 γυναικωνιτίδων
1375 3522 1394 3562 α

283 3587 457 3664 parimento
477 3596 507 3645 et
526 3590 592 3648 solo
608 3588 692 3649 sedis
710 3587 751 3647 sd
766 3588 955 3649 eltinrdinem
969 3586 1082 3668 pedrun
1097 3592 1139 3653 97
1155 3598 1184 3647 et
1197 3588 1392 3669 sesquipedis

283 3668 443 3745 eductum,
479 3672 667 3755 proindeque
691 3675 838 3756 reliquum
859 3672 944 3735 sedis
961 3672 1153 3733 altitudinem
1173 3672 1214 3732 ed
1234 3694 1392 3732 summum

284 3766 473 3815 sumturum
496 3776 620 3819 erenum
633 3756 675 3824 45
695 3758 812 3839 pedum
833 3772 863 3819 et
876 3758 1065 3840 sesquipedie
1082 3760 1191 3833 luisse,
1220 3757 1390 3839 siquidem,

282 3851 317 3899 nt
334 3841 472 3902 observet
490 3844 630 3924 Gyllins,
657 3855 720 3905 totu
737 3845 846 3925 templi
868 3843 995 3905 altitudo
1018 3864 1036 3904 α
1056 3847 1229 3924 parimento
1245 3843 1285 3903 sd
1298 3846 1391 3903 illem

283 3938 472 3987 ourretursm
486 3940 532 3988 est
547 3927 608 3995 142
620 3929 743 4010 pedum.
787 3931 970 3990 onlmotibus
988 3932 1055 3989 istis
1074 3927 1240 3989 snooednnt
1262 3929 1316 3988 ulii
1330 3950 1391 3987 en·

279 4011 393 4072 innotus
408 4033 506 4095 nsque
519 4012 558 4073 ed
570 4018 677 4097 templi
691 4026 813 4091 teotum,
835 4036 897 4075 non
911 4018 996 4075 olivis
1014 4016 1135 4090 molliti,
1158 4014 1212 4075 sed
1225 4018 1258 4073 in
1272 4014 1389 4095 gradus

279 4096 377 4158 fructi
419 4119 474 4179 per
493 4097 550 4159 hos
570 4102 664 4180 igitur
685 4102 836 4162 unirsotus
857 4113 887 4161 et
910 4099 1049 4160 ooohleus
1072 4098 1221 4159 adeuntur
1242 4102 1333 4159 sulse
1357 4111 1389 4161 et

279 4186 412 4265 portions
432 4188 600 4264 superiores
619 4198 650 4247 et
670 4206 808 4249 summae
828 4186 935 4267 templi
951 4196 1062 4266 partes.
1104 4196 1200 4245 totum
1215 4183 1295 4245 hsno
1312 4204 1387 4265 gru-

279 4267 373 4329 dnum
397 4272 506 4330 seriem
524 4271 714 4354 λαβύρινθον
737 4266 890 4356 ἆνᾶγοντα
903 4273 947 4345 είς
961 4268 998 4333 rol
1010 4262 1139 4354 ιλιιερηῖα
1155 4274 1210 4350 τῆς
1224 4270 1388 4350 ἐκκλησίας

276 4367 365 4415 ronst
378 4356 523 4439 Soylitzes
536 4378 567 4439 p.
580 4356 654 4424 804.
694 4361 836 4419 meminit
848 4368 1001 4439 praetereo
1015 4358 1129 4415 Penius
1144 4356 1297 4415 Disoonm
1309 4357 1334 4414 l.
1344 4358 1385 4418 23
1462 4376 1463 4381 ¹

276 4440 426 4503 Historiae
440 4444 594 4505 Misoellse
616 4463 758 4507 ssoensm
779 4447 812 4504 in
826 4440 1061 4503 Osteolmmenis
1079 4462 1138 4521 per
1152 4444 1289 4501 Aeneem
1309 4458 1387 4520 por·
