3017 4900
103 318 111 475 j
431 361 684 429 casentino
709 364 743 430 s.
769 365 956 436 corruta
1177 369 1247 441 101

56 532 108 620 m.)
141 527 289 600 Latinos,
321 529 452 586 Francos
472 527 615 586 nimirum
628 520 795 589 Germanos
809 532 924 610 Anglos
943 542 974 592 et
991 531 1084 608 alios,
1117 534 1149 592 in
1164 531 1247 596 hisee

50 648 84 704 3„
105 601 109 609 ’
142 612 354 670 occasionibus
367 615 447 671 inter
457 613 523 691 ipsa
534 633 619 672 sacra
631 617 743 674 missae
755 617 892 676 solennia
908 637 1014 698 regmn
1030 620 1176 698 capitibus
1193 642 1247 680 oo-

46 689 91 787 „J
142 717 216 754 rona
232 698 445 777 imponebatur
458 699 496 756 ab
510 696 742 780 archiepiscopis
756 711 808 760 aut
822 705 977 783 episcopis,
1001 715 1034 764 ut
1048 725 1090 763 ex
1100 707 1247 768 Anselnm

55 840 95 873 F„
141 785 287 862 episcopo
305 784 337 840 in
354 786 441 862 epist.
462 782 502 842 ad
513 783 705 864 Ernnlphunr
716 788 865 866 priorem,
897 788 1047 849 Eadmero
1061 791 1083 848 l.
1097 787 1118 854 4
1134 794 1246 852 Histor.

44 907 84 959 ,4
140 870 297 926 Novarum
307 889 338 948 p.
356 869 434 944 105,
455 874 548 929 Inone
560 871 681 930 cenot.
697 875 783 950 epist.
799 875 856 948 66,
878 875 919 938 67
939 885 970 933 et
988 873 1043 950 84,
1066 875 1246 938 etBaldrico

140 950 255 1011 Chrcn.
270 956 422 1012 camerac.
435 958 454 1018 3
469 955 511 1020 55
527 955 686 1035 colligitur,
702 959 745 1016 ita
755 957 837 1038 apud
851 961 1064 1038 Byzantinosa
1078 959 1246 1039 patriarcha

43 1017 91 1128 J,
138 1039 170 1094 in
184 1038 266 1098 aedo
280 1037 449 1118 Sophiana,
478 1035 526 1102 bre
547 1038 713 1122 δημοτελής
732 1044 784 1105 nni
801 1039 914 1124 μεγάλη
930 1041 1071 1126 ἐτύγχανε
1084 1043 1246 1128 δεσποτική

139 1119 248 1204 imeri,
271 1126 490 1184 coronabantur
500 1127 695 1206 imperatores
709 1128 810 1210 aliqua
827 1149 866 1188 ex
877 1131 915 1188 iis
929 1131 1048 1190 corollis
1065 1149 1142 1211 quae
1154 1149 1246 1212 supra

41 1186 71 1281 '⁹-
139 1228 260 1267 saeram
273 1229 410 1270 mensam
425 1211 607 1291 pendebant,
629 1233 707 1295 quae
720 1225 840 1294 peracta
855 1215 1034 1274 solennitate
1047 1218 1078 1274 in
1093 1237 1182 1276 sunm
1195 1237 1244 1276 re-

53 1276 75 1378 :2
138 1296 319 1355 mittebatur
327 1297 443 1371 locam,
470 1307 505 1355 ut
517 1298 655 1377 pluribus
667 1309 770 1358 narrat
784 1301 999 1360 Constantinus
1011 1299 1245 1382 Porphyrogen-

139 1390 213 1438 neta
227 1383 282 1440 lib.
297 1380 336 1440 de
349 1381 472 1440 Admin.
487 1385 597 1462 Imper.
616 1403 643 1442 c.
661 1386 721 1460 183
743 1388 827 1446 cuius
842 1388 917 1446 ritus
934 1390 1081 1466 originem
1095 1389 1245 1448 coustan-

39 1448 69 1535 “j
139 1467 204 1523 tino
220 1469 334 1546 Magno
347 1466 498 1527 adscribit.
541 1489 642 1550 neque
664 1480 750 1528 extra
774 1473 847 1530 istas
866 1475 1066 1546 ceremonias,
1099 1491 1139 1532 ex
1161 1475 1245 1533 illius

139 1549 261 1628 edicto,
288 1553 336 1612 fas
351 1565 415 1612 erat
429 1556 602 1633 impetatori
618 1574 761 1614 coronam
775 1557 833 1614 sibi
847 1558 1002 1636 imponere
1014 1558 1065 1616 rel
1079 1569 1160 1616 certe
1172 1555 1245 1617 inde

47 1630 62 1718 ⁴*
139 1638 276 1714 niem,
305 1637 381 1698 adeo
401 1650 436 1698 ut
455 1642 592 1698 Leonem
611 1641 795 1720 copronymi
817 1640 914 1699 filium
934 1643 1140 1700 miserabilem
1160 1645 1242 1702 ritae

138 1725 258 1782 exitam
272 1744 314 1782 ex
326 1723 475 1784 eiusmodi
487 1729 591 1784 statuti
603 1729 839 1804 transgressione
853 1728 1012 1786 incurrisse
1027 1727 1145 1786 tradant
1158 1726 1242 1788 idem

138 1806 435 1890 Porphyrogenneta,
456 1809 672 1892 Theophanes,
694 1809 857 1886 Gedrenm,
880 1813 999 1891 Glycas,
1020 1813 1194 1893 sigebertus
1211 1823 1241 1874 et

42 1888 44 1892 '
138 1893 203 1951 alii.
245 1897 325 1953 inter
339 1894 396 1955 has
409 1907 512 1955 antem
525 1898 662 1972 corollas,
683 1915 760 1978 quaa
775 1915 877 1956 saone
892 1915 1016 1957 mensae
1032 1901 1240 1975 imminebant,

43 1971 64 2061 'J
139 1997 213 2055 prae
226 1983 331 2041 ceteris
346 1993 376 2040 et
387 1985 486 2061 operis
497 1983 648 2062 elegantia
665 1993 695 2041 et
705 1983 883 2062 lapillorum
894 1986 990 2063 pretio
1005 1988 1165 2064 conspicua
1183 1985 1242 2044 fuit

43 2056 49 2077 ³
138 2065 191 2122 illa
216 2085 307 2146 quam
330 2087 348 2127 a
366 2069 560 2126 Constantino
582 2071 695 2148 Magno
709 2053 880 2127 dedicatam
894 2069 1001 2143 inisse,
1030 2081 1150 2148 praeter
1163 2072 1242 2130 Por·

139 2147 408 2230 phyrogennetam,
433 2155 525 2212 refert
535 2155 654 2214 Nicetes
669 2157 703 2212 iu
715 2151 888 2213 Andronico
901 2155 1055 2213 Comnano
1069 2157 1091 2214 1.
1107 2159 1127 2218 2
1144 2175 1176 2213 n.
1191 2161 1240 2231 11,

48 2244 50 2246 ’
139 2237 1241 2385 biiqiiidbiifflii'ddbriffiiiii'iffl‘iiiiii?

141 2344 364 2469 tinamyTiberii
377 2345 491 2486 tinch,
521 2413 661 2471 Mauricii
674 2345 992 2491 Augustgiucouiugem,
1012 2369 1082 2491 ’ipsi
1094 2413 1239 2471 Mauricio

46 2499 54 2566 ζ
140 2498 241 2573 magni
259 2499 349 2576 pretii
369 2516 512 2555 coronam
532 2496 677 2557 obtulisse
696 2508 837 2573 narrant,
865 2517 957 2579 param
968 2498 1021 2555 ille
1035 2500 1067 2555 in
1080 2499 1240 2557 ecelesiam

44 2586 57 2656 Ἀ
140 2582 284 2657 perlatam
300 2581 357 2641 deo
375 2584 569 2641 consecravit.
610 2586 654 2641 ita
667 2580 891 2663 Theophanes,
912 2586 1054 2655 Zonaras,
1076 2582 1240 2657 cedrenus,

43 2732 47 2738 r
139 2668 312 2727 Anastasius
325 2678 356 2726 et
368 2669 481 2727 Paulus
492 2670 644 2727 Diaconos
662 2667 703 2726 ad
718 2670 756 2731 19
774 2688 802 2726 a.
818 2668 964 2727 Mauricii.
990 2666 1073 2726 addit
1083 2678 1238 2748 praeterea

141 2751 289 2813 cedrenus
306 2772 448 2813 coronam
460 2756 608 2829 Heraclii,
636 2774 713 2835 quae
732 2754 776 2817 to
789 2754 874 2814 libris
890 2766 935 2814 est
947 2758 1121 2829 aestimata,
1143 2772 1160 2812 a
1174 2754 1236 2813 filio

140 2838 322 2898 Heracleona
335 2842 368 2897 in
381 2838 489 2898 aedem
503 2838 691 2920 Sophiauam
704 2840 832 2916 illatam,
855 2841 908 2899 ubi
920 2840 997 2899 aliae
1012 2850 1167 2920 praeterea
1181 2858 1239 2919 ap-

60 2955 64 2964 ·
140 2941 245 3000 pensae
262 2936 347 2984 erant
362 2926 508 3000 corollae,
535 2937 569 2985 ut
578 2924 662 2983 idem
675 2927 795 2987 Nicetes
809 2924 900 2984 tradit
913 2927 945 2983 in
957 2927 1069 2985 Alexio
1084 2926 1107 2983 l.
1122 2925 1143 2987 3
1159 2944 1191 2983 n.
1205 2928 1237 2989 6.

141 3028 179 3067 ex
200 3012 308 3091 quibus
328 3013 520 3090 perspicuum
542 3010 577 3069 fit
596 3029 720 3069 coronas
745 3030 764 3068 a
784 3011 970 3090 principibus
991 3020 1022 3069 et
1045 3010 1237 3088 magnatibus

138 3098 256 3175 templis
279 3098 353 3155 olim
378 3096 492 3155 oblatas
514 3105 545 3155 et
560 3114 651 3175 supra
668 3113 784 3154 moram
799 3114 938 3155 mensam
949 3114 1113 3174 appensas,
1145 3112 1239 3174 quem

139 3197 252 3240 morern
271 3204 289 3241 e
301 3184 419 3241 Latinis
439 3185 565 3260 attigere
587 3190 706 3261 praeter
723 3182 919 3239 Anmtasium
938 3180 1085 3238 Domnizo
1112 3176 1151 3237 de
1170 3180 1238 3239 vita

139 3265 290 3327 blithildis
302 3269 472 3327 comitissae
486 3270 506 3329 1
525 3270 564 3342 2,
593 3276 702 3324 auctor
709 3265 875 3325 Relationis
896 3263 934 3323 de
950 3262 1091 3324 thesauro
1106 3264 1235 3323 Canusi·
1251 3274 1273 3330 Ρ
1291 3276 1343 3332 556

139 3369 193 3410 nae
206 3355 361 3429 ecclesiae,
381 3354 444 3411 Leo
459 3354 587 3412 ostiens.
601 3348 712 3410 chron.
725 3351 825 3409 casin.
839 3356 858 3415 8
874 3370 900 3409 c.
915 3351 980 3425 adt,
1002 3351 1116 3409 Petrus
1123 3350 1236 3409 Diaco-

139 3454 192 3497 nos
208 3438 344 3501 eiusdem
358 3436 499 3497 Chronici
513 3435 535 3500 4
556 3438 608 3512 90,
630 3446 661 3495 et
673 3437 801 3516 epistola
813 3432 877 3499 ³45
890 3456 930 3495 ex
944 3437 981 3495 iis
994 3454 1073 3516 quae
1087 3431 1236 3493 habentur
1305 3479 1315 3523 ,

139 3533 207 3581 tom.
222 3526 243 3589 4
261 3526 410 3584 Historiae
424 3524 616 3581 Francorum.
646 3519 893 3602 appendebantur
904 3532 1006 3580 autem
1020 3521 1236 3600 utplurimum

139 3611 262 3669 corollae
274 3613 350 3670 istae
364 3608 405 3667 ad
418 3608 545 3682 ciboria3
560 3604 641 3668 unde
652 3627 743 3687 supra
757 3626 873 3667 sacram
886 3626 1025 3666 mensam
1037 3606 1108 3665 illas
1119 3624 1236 3685 pepen-

140 3690 214 3754 disse
226 3698 341 3775 passirn
351 3696 492 3774 legimus.
517 3695 694 3753 Anastasius
708 3696 743 3752 in
752 3694 855 3753 Leone
866 3690 887 3756 4
900 3709 998 3773 papa:
1022 3711 1095 3749 nam
1108 3702 1138 3747 at
1145 3710 1235 3769 anper

138 3780 277 3839 ubormm
291 3780 401 3840 obtulit
412 3800 538 3838 coronae
550 3790 692 3859 qaotutor
701 3788 732 3837 et
744 3778 854 3837 calices
867 3780 993 3839 sedecim
1006 3797 1040 3835 ex
1051 3796 1128 3835 auro
1142 3796 1233 3833 murs-

137 3866 265 3926 tliasimo.
308 3866 464 3926 Hariulfus
479 3862 590 3924 Chion.
602 3865 721 3925 centul.
736 3868 774 3929 δε
797 3884 887 3942 super
902 3863 960 3922 illa
974 3864 1034 3921 ινὶα
1045 3861 1159 3920 ultoria
1174 3860 1232 3919 lra-

139 3948 239 4010 bentnr
253 3952 313 4011 triu
326 3950 440 4011 ciborio
456 3970 492 4010 ex
509 3960 635 4030 urgmto
658 3960 688 4009 et
701 3970 779 4009 atero
788 3960 917 4028 parato,
938 3950 972 4007 in
985 3946 1095 4028 quibus
1108 3958 1166 4004 trec
1180 3946 1233 4029 de-

135 4039 262 4113 pendent
272 4058 416 4109 coronae,
433 4034 574 4116 singulae
590 4056 649 4115 per
667 4033 794 4117 cingulo
805 4056 841 4093 en
853 4056 928 4094 auro
939 4036 1125 4115 gemmisque
1133 4052 1233 4110 pora-

138 4133 194 4193 tac,
214 4144 284 4183 cnm
296 4124 399 4183 amere
410 4121 572 4181 onerabo
582 4121 715 4200 olimque
721 4121 847 4180 mont
856 4121 1049 4181 ornamentis.
1095 4129 1125 4176 et
1136 4115 1232 4175 Chro-

139 4211 221 4267 oioon
231 4208 369 4269 Trudou.
383 4209 406 4266 l.
421 4210 457 4272 1:
487 4208 520 4267 in
533 4207 629 4265 medo
641 4205 751 4265 ciborio
759 4206 941 4287 pendentem
957 4222 1097 4265 coronam
1112 4220 1232 4260 nouom

138 4308 256 4373 argento
265 4299 423 4377 puratum.
469 4290 618 4353 eiusmodi
633 4310 757 4353 coronas
775 4294 863 4353 altari
875 4294 1068 4351 imminentes
1080 4285 1206 4366 sponoe!

140 4390 197 4440 atae
216 4402 270 4443 seo
291 4379 548 4457 iumsidomoc
573 4388 604 4439 et
628 4398 725 4460 regna
749 4398 813 4441 non
832 4381 928 4441 semel
949 4384 1035 4439 vocat
1056 4373 1232 4433 Anastasius
