3017 4900
384 383 640 453 DESCRIPTIO
664 385 699 454 S.
723 385 914 454 sortitas.
1147 389 1197 460 97

26 616 27 621 ,
100 573 159 633 ραις
175 547 324 625 ohiososr
337 547 533 632 δαιλημμῦνφ
544 545 708 632 ἐφεῖσθαι
722 549 848 616 ἕκαστον
863 551 1001 618 οἰκίσκον
1015 553 1197 638 sumpisse

26 646 27 679 ἒ
99 638 183 718 τιμίῳ
211 640 329 720 σταυρῷ
356 647 413 695 etc.
465 636 563 694 forma
588 637 728 696 aularum
754 659 810 698 seu
839 641 1000 715 cellarum,
1030 660 1105 722 ques
1128 639 1196 700 dixi

45 743 53 765 ¹
101 722 215 801 (verbis
238 732 308 784 utor
326 719 441 802 Gyllii)
463 723 583 800 cingere
601 733 762 804 utrumque
779 725 875 798 latus,
896 727 965 786 talis
983 736 1038 786 est.
1082 745 1123 786 ex
1140 729 1197 788 tri-

48 796 51 809 '
100 807 150 866 bru
165 808 312 866 lateribus
329 809 417 866 aulae
432 805 595 886 quadratae
607 818 695 881 sunt;
719 829 760 868 ex
774 821 879 890 quarto
894 811 989 870 latera
1003 809 1085 892 quud
1096 813 1198 871 intue-

100 902 143 950 tur
157 895 334 952 interiorem
350 891 433 952 aedis
449 903 584 972 partem,
605 893 734 972 figuram
745 897 853 975 templi
867 899 1020 976 sequitur,
1043 895 1125 976 quod
1141 899 1198 956 oh-

101 977 255 1037 rotundam
275 979 367 1036 efficit
389 979 520 1058 pilarum
540 989 571 1037 et
590 979 798 1040 columnarum
820 979 987 1062 dispositio.
1035 985 1199 1042 sustinetur

101 1064 223 1124 omnbus
244 1074 276 1122 et
298 1065 445 1122 columnis
465 1067 683 1124 connumeratio
704 1067 857 1142 aularum,
881 1087 1009 1149 quarum
1029 1065 1199 1127 describam

101 1147 244 1206 duntaxat
261 1160 337 1224 tres,
358 1149 468 1230 quibus
491 1153 617 1230 coguitis
639 1161 755 1211 ceterae
778 1172 883 1212 omues
902 1155 995 1212 simili
1014 1153 1111 1212 foruna
1131 1173 1197 1212 asse

101 1245 322 1313 cognoscentur.
363 1237 508 1314 incipiam
521 1255 538 1295 a
550 1237 647 1296 tribus
662 1239 867 1316 superioribus
881 1241 946 1298 sitis
961 1241 994 1298 iu
1008 1239 1103 1298 latere
1117 1249 1198 1298 tem-

100 1321 138 1398 pli
154 1322 398 1400 septentrionali,
421 1340 548 1401 quarum
570 1324 669 1402 prima
689 1334 735 1382 est
748 1325 909 1402 insugula
927 1326 1057 1384 intuenti
1075 1335 1199 1404 septen-

100 1407 224 1464 trionem
244 1417 275 1464 et
295 1409 452 1465 orientem.
495 1409 560 1467 eius
577 1407 638 1466 duo
656 1409 751 1467 latera
769 1412 919 1468 exteriora
936 1421 1062 1488 surgunt
1077 1429 1095 1466 a
1110 1429 1198 1468 muro

101 1501 127 1548 et
138 1490 280 1550 desinrmt
292 1495 325 1550 in
339 1511 452 1551 arcum.
495 1495 529 1551 in
540 1493 669 1552 laterum
679 1493 782 1552 madio
794 1496 950 1556 columnae
963 1505 1024 1554 tres
1036 1505 1107 1554 sunt
1121 1513 1199 1574 que-

100 1573 198 1635 dratse
228 1578 295 1636 loco
321 1569 462 1658 parietis,
491 1597 602 1660 nempe
625 1579 824 1638 senesii-urum
845 1577 1037 1658 parastades,
1070 1597 1200 1660 quarum

100 1681 202 1741 scapus
232 1660 325 1721 habet
354 1667 552 1743 perimetrum
581 1667 715 1745 quinque
735 1663 850 1744 pedum
871 1675 901 1723 et
922 1667 1011 1724 unius
1035 1663 1200 1726 dodrantis.

100 1768 184 1826 supra
198 1747 320 1806 easdem
333 1753 466 1808 eminent
477 1751 556 1813 aliae
569 1760 629 1809 tres
642 1747 822 1830 quadratae:
844 1748 903 1810 hae
915 1769 1019 1810 omnes
1032 1759 1101 1810 sunt
1114 1770 1198 1810 mar-

99 1837 187 1892 moris
211 1835 283 1892 aiibi
306 1837 341 1892 in
364 1836 496 1895 colorem
516 1836 660 1914 glaucum
681 1837 842 1914 vergentia.
886 1836 965 1894 latus
990 1838 1141 1916 pertinens
1158 1834 1199 1894 ed

100 1920 266 1978 interiorem
292 1919 376 1980 aedis
398 1931 516 2000 partem
537 1919 629 1980 hahet
649 1941 706 1980 sex
725 1921 880 1982 calumnas
898 1919 1028 1995 virides,
1049 1921 1199 1986 subiectas

101 2007 177 2062 arcui
206 2007 367 2064 sustinenti
395 2019 533 2087 quartem
559 2018 677 2086 partem
704 2005 850 2086 sphaerae
871 2008 1041 2080 orientalis,
1071 2026 1200 2086 quarum

101 2091 175 2149 imus
203 2111 312 2169 scapus
337 2093 485 2150 ambitum
505 2089 598 2152 habat
615 2104 733 2172 septem
753 2091 868 2171 pedum
888 2103 917 2152 et
938 2102 1004 2152 octo
1025 2089 1200 2170 digitorum.

100 2195 197 2234 earnm
208 2177 454 2250 intercolumnia,
476 2175 598 2258 diastyii
613 2176 807 2256 dispositione
824 2175 981 2252 distincta,
1002 2177 1065 2235 lata
1082 2188 1200 2257 neptem

101 2261 187 2338 pedes
210 2273 241 2320 et
260 2260 402 2322 undecim
423 2260 551 2340 digitos,
568 2264 695 2342 pluteis
716 2267 894 2322 muniuntur
913 2265 1107 2339 marmoreis,
1130 2263 1198 2321 altis

103 2357 235 2425 quattuor
264 2345 376 2428 pedes,
410 2349 521 2429 quibus
549 2350 757 2408 incumbentes
786 2347 890 2408 vident
916 2349 1090 2408 interiorem
1116 2347 1200 2407 aedis

101 2443 228 2510 partem,
249 2444 313 2491 tam
330 2434 482 2493 inferum
498 2454 592 2516 qnam
607 2454 780 2513 supernam.
822 2435 902 2495 latus
918 2437 1108 2493 interiectum
1121 2435 1201 2493 inter

102 2520 223 2595 primaru
243 2521 345 2579 aulam
369 2530 400 2578 et
422 2520 587 2579 secundam
611 2539 628 2579 a
648 2524 762 2599 pariete
783 2523 925 2579 exteriori
942 2530 1084 2600 vergente
1096 2518 1136 2579 ad
1150 2540 1201 2579 se-

102 2608 313 2681 ptentrionem,
342 2625 439 2687 usque
460 2604 501 2665 ad
523 2606 618 2687 pilam
637 2624 783 2685 magnam
803 2608 1002 2665 sustinentem
1022 2624 1124 2664 arcum
1142 2602 1201 2664 he-

102 2688 286 2771 misphaerii,
317 2692 438 2771 largum
471 2702 517 2751 est
546 2690 744 2773 quadraginta
768 2701 910 2771 quattuor
931 2684 1040 2769 pedes,
1071 2690 1202 2771 quornm

102 2787 212 2851 partem
235 2775 392 2857 possident
413 2778 509 2857 pilae,
530 2788 649 2855 partem
670 2796 757 2837 arcus
777 2796 903 2855 surgens
918 2796 935 2835 a
950 2788 1034 2855 tergo
1049 2778 1130 2856 pilae
1146 2797 1202 2835 su-

102 2862 208 2921 stinens
221 2860 494 2942 hemisphaerium
516 2882 578 2943 qno
590 2872 653 2922 toto
664 2873 796 2943 patente,
817 2864 880 2923 lato
894 2865 981 2921 iuxta
995 2866 1203 2941 pavimentum

102 2947 202 3024 viginti
214 2946 327 3027 pedes,
347 2951 490 3007 transitur
506 2967 525 3005 a
541 2950 639 3028 prima
655 2950 725 3007 aula
741 2946 781 3007 ad
795 2946 959 3007 secundam
973 2949 1085 3005 auiam.
1130 2948 1203 3005 reli-

104 3048 188 3109 quam
199 3034 304 3093 lateris
318 3036 397 3091 inter
408 3036 539 3113 primam
552 3044 582 3093 et
596 3032 760 3093 secundam
773 3035 874 3091 aulam
887 3031 1058 3091 intermedii
1073 3041 1201 3110 par-tem,

102 3115 188 3174 latam
204 3120 314 3197 viginti
328 3130 469 3199 quattuor
483 3117 591 3198 pedes,
613 3128 761 3198 occupant
772 3120 851 3197 pilae
865 3136 951 3175 arcus
967 3126 997 3175 et
1013 3136 1118 3174 murus
1133 3136 1202 3175 sur-

104 3219 170 3278 gens
183 3206 269 3264 relut
284 3206 332 3263 ala
344 3212 441 3283 usque
458 3204 497 3263 ad
513 3208 803 3263 concamerationem
822 3200 1047 3281 hemisphaerii.
1091 3221 1201 3259 secuu-

105 3286 156 3344 due
167 3290 253 3347 aulae
268 3293 485 3349 concameratio
501 3302 636 3349 extrema
655 3293 819 3349 sustinetur
832 3289 958 3347 arcubus
971 3298 1001 3345 et
1016 3288 1200 3366 parietibus:

103 3370 198 3430 suedia
217 3394 289 3433 vero
309 3377 415 3433 nititur
436 3386 576 3456 quattuor
594 3376 741 3434 columnis
763 3376 839 3433 albis
854 3373 893 3431 ad
909 3374 1050 3451 glaucum
1068 3374 1201 3431 colorem

106 3457 325 3533 accedentibus,
347 3480 476 3539 quarum
496 3480 604 3540 scapus
617 3463 651 3518 in
666 3462 782 3519 ambitu
799 3460 1005 3539 complectitur
1016 3469 1133 3537 septem
1144 3478 1201 3537 pe-

107 3538 165 3601 des.
204 3544 338 3603 secunda
360 3549 423 3604 sive
442 3546 544 3603 media
567 3546 636 3605 auia
657 3544 803 3627 quadrata
829 3556 889 3620 est,
922 3547 1005 3603 cuius
1029 3543 1088 3603 duo
1107 3545 1203 3603 latera

109 3631 285 3688 sustinentur
299 3632 410 3709 partim
422 3634 517 3690 muris
534 3634 644 3711 partim
658 3632 802 3705 arcubus,
825 3650 953 3711 quorum
968 3630 1096 3687 alterurn
1109 3648 1203 3689 cornu

105 3718 228 3773 unaitur
247 3736 267 3773 a
287 3726 371 3795 tergo
396 3715 523 3775 duarum
548 3736 727 3795 magnarum
751 3718 881 3795 pilarum
903 3718 1118 3775 sustinentium
1134 3734 1202 3772 mu-

107 3806 191 3873 guen
212 3799 485 3881 hemisphaerium,
508 3804 636 3861 alterurn
654 3805 818 3861 sustinetur
833 3803 903 3881 pilis
918 3800 1081 3860 orientibus
1098 3820 1138 3858 ex
1151 3802 1202 3857 in-

106 3888 198 3943 teriori
212 3898 298 3966 parte
314 3906 470 3947 murorum
486 3888 615 3946 clarium
628 3889 819 3946 fulcientium
835 3888 913 3965 pilas
930 3890 1068 3949 maiores.
1112 3884 1202 3945 huius

108 3970 246 4030 secundae
261 3976 326 4031 sire
339 3972 459 4033 mediae
470 3974 556 4032 aulae
572 3976 651 4033 latus
665 3976 797 4032 exterius
811 3973 877 4031 loco
894 3974 1016 4050 parietis
1031 3968 1122 4029 habet
1136 3980 1202 4031 octo

109 4054 252 4116 columnas
273 4057 451 4139 quadratas,
474 4078 601 4140 quarum
622 4062 783 4137 perimeter
800 4070 844 4117 est
860 4078 916 4116 sex
929 4056 1051 4136 pedum.
1095 4060 1128 4113 in
1151 4075 1204 4144 ea-¹

110 4155 171 4196 mm
189 4142 289 4202 medio
312 4155 359 4203 est
378 4164 491 4223 magua
509 4146 591 4223 pila:
612 4144 863 4203 intercolumnas
880 4163 930 4201 eas
947 4140 1140 4221 parastadurn
1153 4142 1240 4207 ri-1’
1258 4154 1311 4211 555

111 4240 171 4281 θεῶ
192 4239 377 4306 praestantes
400 4240 471 4289 sunt
491 4232 651 4289 fenestrae.
695 4240 849 4308 praeterea
871 4247 961 4307 supra
983 4226 1104 4287 easdem
1121 4228 1206 4285 colu-

111 4324 189 4368 mnas
210 4317 344 4373 existunt
365 4318 448 4395 pilae
468 4306 663 4394 parastadum
683 4318 782 4373 ricem
805 4314 982 4393 praebentes
1002 4311 1206 4391 superioribus

113 4390 254 4473 fenestris,
275 4419 354 4481 quae
367 4412 431 4460 tam
443 4404 612 4479 superiores
626 4420 719 4483 quam
730 4401 904 4476 inferiora,
925 4416 1052 4457 numero
1062 4394 1205 4471 sedecim,
