3017 4900
246 273 319 347 138
685 271 747 344 llll
773 270 915 344 ctNGll

327 443 383 512 tc
421 440 530 502 Portae
544 458 614 500 veru
627 448 764 513 ιιιοοιιο,
794 457 863 498 cuna
880 435 1062 500 cancellatae
1076 447 1190 514 essent,
1220 437 1295 498 velis
1311 449 1345 498 ut

244 525 409 608 plurimum
423 523 656 600 abducebantur,
677 544 717 584 ue
732 543 810 606 quae
823 524 1042 604 peragebantur
1058 543 1138 582 sacra
1154 515 1192 581 in'
1201 524 1347 584 altaribus

245 633 265 671 a
281 612 435 692 quibusvis
452 614 702 691 conspicerentur.
743 608 883 670 dicuutur
900 619 1002 670 autem
1018 607 1167 668 eiusmodi
1183 608 1262 668 fores
1281 610 1346 666 cla·

246 707 341 756 tratae
365 706 396 756 et
413 698 593 754 cancellatae
617 695 870 777 myseiobupldee
887 697 1065 774 Anonymo:
1097 695 1165 754 vela
1183 713 1255 754 vero
1273 699 1349 756 θεῖοι

245 775 501 862 παραπετάσμασι
516 782 550 841 S.
567 782 712 861 Dionysio
726 782 760 838 in
771 781 869 860 Epist.
885 778 924 838 ad
937 775 1162 858 Demophilruu,
1185 772 1350 858 ιῖμφίθνροι

248 863 460 947 Chryeostomo
475 866 573 927 Sena.
587 865 609 929 8
623 868 656 924 iu
670 868 756 946 epist.
772 862 811 924 ad
824 862 981 945 Ephesios,
1002 847 1232 944 Theopbyldeto
1244 865 1349 925 Simo·

248 951 377 1014 aureo
400 950 457 1026 14,
479 952 684 1030 etlluagriob
704 953 764 1026 20,
786 953 873 1030 quasi
889 947 990 1031 ὅμοια
1005 952 1123 1027 θνροῑν.
1168 950 1274 1008 Graeci
1288 969 1349 1028 po-

140 1044 165 1099 1²
181 1042 232 1100 584
248 1038 386 1097 statiores
400 1029 574 1118 βρλόθορο,
596 1036 721 1095 barbaro
736 1036 901 1109 vocabulo,
922 1036 1002 1094 fores
1018 1036 1091 1094 istas
1110 1033 1347 1112 appellaverunt,

248 1141 309 1203 quc
323 1131 448 1182 utuntur
459 1119 635 1180 scholiastes
643 1118 850 1200 Aristophanis
863 1119 902 1179 ad
915 1123 1014 1180 Ranae
1028 1129 1057 1178 et
1070 1116 1201 1179 eodinus
1216 1117 1253 1178 de
1262 1119 1349 1179 Offic.

247 1205 330 1266 uude
346 1201 525 1287 βημόθνρον
545 1205 679 1265 effictum
695 1208 728 1264 in
743 1202 930 1285 Eucbclogic
945 1215 976 1262 et
990 1202 1071 1283 apud
1083 1205 1259 1290 Malexum,
1290 1207 1349 1264 etsi

249 1293 338 1372 quasi
361 1287 496 1371 βήματος
521 1291 633 1372 θυρίον
663 1289 742 1351 dicte
768 1288 904 1351 videatur
929 1291 1075 1370 posterior
1100 1286 1175 1347 baec
1201 1309 1275 1348 vox.
1317 1298 1349 1347 at

152 1379 156 1386 '
250 1377 432 1435 Guillelmus
447 1373 585 1434 biblioth.
597 1377 631 1434 in
645 1373 799 1455 Stephano
815 1388 850 1436 vr
863 1373 942 1434 hanc
954 1393 1060 1434 vocem
1074 1393 1216 1453 usurpare
1231 1373 1352 1434 videtur

250 1481 306 1541 pro
319 1462 425 1542 quovis
437 1462 523 1536 velo,
554 1463 647 1520 etiam
661 1461 780 1520 altaria:
804 1460 884 1538 serit
897 1462 988 1520 etrbm
1000 1462 1032 1518 ιἰι
1046 1459 1149 1520 eadem
1163 1458 1290 1518 basilica
1306 1493 1351 1504 -

252 1546 403 1604 belothera
417 1557 572 1624 quateret,
593 1566 628 1603 ex
642 1544 753 1625 quibus
766 1565 862 1604 uuum
872 1555 1082 1604 emeterium.
1115 1555 1145 1604 et
1161 1546 1255 1604 iufra:
1278 1565 1352 1602 eou-

251 1631 323 1689 tulit
333 1665 377 1676 —·
391 1631 541 1690 velctbera
549 1633 645 1691 ιστὶοο
658 1633 718 1690 trib
729 1632 763 1691 iu
777 1631 905 1692 mutat
918 1630 1035 1690 alwrrb.
1081 1627 1119 1688 de
1133 1627 1296 1712 relotbyris
1307 1631 1352 1690 sic

250 1717 397 1776 Paulinus
413 1718 482 1775 Nat.
497 1721 535 1780 6:

415 1812 468 1871 ast
478 1801 537 1860 alii
543 1801 676 1880 pretiosa
683 1802 795 1880 suunt
806 1801 934 1862 donariis
941 1843 955 1872 ,
976 1819 1082 1881 meque

415 1887 508 1964 officii
518 1897 640 1964 suurptu
652 1899 805 1964 superent,
825 1890 882 1968 qui
888 1886 1023 1966 pulchro
1034 1883 1168 1966 tegenda

417 1971 487 2029 vela
492 1969 731 2051 sacntsonbm
745 1983 803 2031 eto.

254 2065 287 2114 et
303 2051 494 2135 Epiphanius
511 2059 599 2136 epist.
617 2053 657 2114 ad
677 2059 823 2115 loannem
844 2055 1168 2135 Hierosolymitanum:
1195 2053 1298 2112 ιἰινιιιί
1310 2051 1356 2110 ibi

253 2139 356 2201 velam
368 2141 502 2218 pendens
517 2143 552 2200 iu
559 2139 684 2219 foribus
696 2141 846 2200 eccleciae.
892 2139 1021 2222 denique
1044 2142 1076 2198 iu
1098 2141 1224 2200 concilio
1237 2138 1354 2197 Narbo-

252 2226 343 2284 nensi
356 2245 386 2284 a.
401 2227 464 2290 589
480 2228 599 2300 can-13
618 2228 748 2286 mnam
767 2227 869 2286 clerici
887 2228 1028 2286 iubentur
1046 2224 1210 2284 eenebribue
1226 2221 1295 2284 vela
1311 2223 1359 2282 acl

253 2310 510 2370 oeticeublevcre.
554 2309 610 2371 sed
628 2322 790 2393 antequam
804 2332 845 2372 ex
859 2311 987 2370 bematis
1002 2311 1142 2370 cancellis
1160 2307 1356 2382 excedemus,

254 2394 477 2457 observandum
486 2393 559 2457 inde
571 2407 667 2458 totam
678 2394 758 2457 hauc
771 2396 854 2459 aedis
868 2416 970 2458 sacrae
982 2406 1098 2476 partem
1112 2395 1254 2457 cancellis
1268 2394 1356 2453 clau·

254 2500 323 2541 sam
336 2483 427 2561 vulgo
448 2479 529 2562 apud
549 2494 666 2544 nostros
680 2484 850 2542 cancellum
863 2482 1021 2563 appellari,
1044 2480 1073 2539 le
1086 2480 1221 2539 obuncel.
1265 2482 1358 2559 llugo

254 2566 374 2646 Plagon
394 2569 427 2625 in
445 2570 582 2627 versione
605 2569 719 2627 Gallica
732 2570 787 2627 W.
809 2569 896 2649 Tyrii
916 2586 980 2627 ms:
1015 2565 1040 2625 b·
1053 2566 1229 2645 pumirrche
1244 2568 1309 2643 prit
1327 2564 1359 2621 le

256 2651 389 2733 eabffre,
409 2663 439 2708 et
447 2652 595 2713 ῐιοοιειιο
606 2652 638 2711 el
647 2674 718 2712 ceter
730 2664 760 2711 et
771 2652 803 2711 el
815 2653 966 2725 cliuuciel,
980 2672 1063 2731 pour
1077 2651 1145 2711 bien
1160 2654 1225 2712 νοίν
1237 2660 1358 2731 aperte-

255 2747 337 2795 ment
349 2736 378 2795 le
389 2748 562 2796 mererium.

339 2824 392 2887 ts.
411 2837 415 2846 ⁵
434 2824 616 2884 Exbemate
634 2842 690 2903 per
710 2822 838 2883 tabulati
859 2833 960 2903 portae
978 2821 1201 2903 egredientibus
1223 2820 1359 2902 primum

256 2908 385 2967 occurrit
402 2907 494 2967 solea.
539 2909 673 2989 Symeon
690 2906 871 2969 Thessalcn.
886 2910 966 2969 Dial.
983 2908 1021 2967 de
1034 2909 1253 2969 sacramentis:
1273 2907 1360 2989 ylas-

255 3015 307 3057 τοι
319 2990 437 3067 εἴσοδος
450 2994 494 3069 ele
504 2988 557 3059 τὸν
569 2992 677 3057 uuor
688 2991 723 3057 bs
735 2997 791 3057 cosi
804 2990 948 3075 βήματος.
989 2992 1212 3073 Euobologium
1226 2995 1258 3054 in
1272 2988 1360 3051 ordi-

256 3079 378 3137 natione
392 3076 527 3139 decom:
555 3071 730 3155 ἐξελθόντες
749 3074 808 3143 ‹ic'o
829 3073 971 3145 deducere
989 3077 1023 3143 ts
1039 3082 1096 3143 τοῦ
1114 3078 1203 3161 dylcc
1223 3073 1361 3159 βήματος
1465 3088 1472 3105 “

256 3158 465 3244 λαμβάνονται
477 3160 530 3228 τὸν
544 3163 688 3245 μέλλοντα
701 3170 938 3247 χειροτονεῖσθαι
957 3160 1118 3238 διάκονον,
1139 3162 1250 3227 ἑστῶτα
1268 3161 1301 3226 ἐν
1314 3164 1360 3247 τῇ

257 3247 355 3333 calip
395 3251 535 3330 proxima
549 3251 630 3309 enim
643 3250 736 3309 sacris
754 3250 893 3309 cancellis
905 3250 964 3307 fuit
975 3251 1075 3325 solea,
1102 3260 1137 3307 ut
1151 3270 1193 3307 ex
1208 3251 1360 3308 Cantacu-

257 3352 337 3391 zeno
350 3335 369 3395 1
390 3335 429 3399 41
453 3335 620 3413 colligitur,
641 3334 788 3394 scribente
804 3336 1016 3414 imperatorem
1031 3328 1225 3417 διερχόμενον
1237 3328 1288 3395 τᾶν
1302 3348 1360 3395 σο-

258 3414 331 3479 llam
347 3414 496 3498 ιῦρίσιιειν
511 3415 566 3481 ιδν
584 3414 770 3499 comprime
793 3420 837 3494 ele
853 3416 890 3481 eei
905 3414 977 3501 ἅγιοι
991 3420 1104 3502 θυρίσι,
1135 3429 1166 3477 et
1178 3416 1292 3478 Godinc
1305 3420 1360 3475 in·-

258 3511 370 3560 nuente
385 3502 500 3561 soleam
513 3504 593 3562 iuter
607 3503 769 3563 ambonem
783 3516 813 3563 et
826 3505 915 3563 bema
930 3506 1091 3580 exstitisse,
1114 3503 1187 3563 deun
1200 3506 1242 3562 eit
1256 3503 1359 3581 impe-

200 3607 203 3613 ’
259 3597 390 3645 retorem
411 3606 452 3645 ex
475 3588 602 3647 ambone
625 3586 823 3665 descendere,
851 3609 912 3651 nou
935 3610 975 3649 ex
997 3608 1032 3651 ea
1051 3599 1135 3670 parte
1150 3608 1228 3671 quae
1243 3586 1361 3669 ὥροὶσς

257 3666 375 3749 πύλας,
403 3670 458 3732 sed
476 3692 517 3731 ex
536 3673 631 3732 altera
645 3692 723 3754 quae
737 3668 815 3757 πρὸς
828 3670 882 3738 τόν
895 3672 1001 3741 acuar
1017 3684 1047 3735 et
1059 3670 1093 3739 τὸ
1107 3668 1195 3757 ἅγιον
1209 3676 1294 3755 βῆμα
1308 3692 1363 3731 re-

260 3759 360 3836 spicit.
400 3756 482 3817 unde
498 3756 622 3819 evidens
634 3770 680 3819 est
692 3760 808 3819 soleam
820 3761 911 3819 sacris
924 3762 1067 3827 cancellis
1079 3762 1251 3840 proximam
1264 3760 1362 3817 fuisse

261 3844 1247 3991 tttttttttb‘difficilitbiitlssllit{titt
1268 3862 1362 3991 itt}

260 4017 345 4074 θεῖοι
359 4013 459 4086 storea
473 4010 527 4075 sel
546 4013 579 4077 oi
600 4007 699 4078 σόλιοι
717 4009 916 4093 καλούμενοι,
944 4011 966 4079 ἃ
988 4010 1021 4079 τὸ
1037 4009 1200 4096 σεβάσμιον
1218 4014 1362 4091 διατειχί-

262 4100 348 4171 ξοοσι
362 4098 592 4180 θυσιαστηρίου.
634 4101 677 4157 ita
698 4101 790 4158 etiam
802 4099 989 4181 Nicephorus
1005 4096 1174 4181 patriarcha
1189 4100 1237 4158 ΟΡ
1254 4101 1363 4158 Antir-

264 4179 377 4241 rbetico
394 4186 415 4247 2
428 4204 454 4241 ο.
469 4182 528 4257 46,
554 4183 608 4242 ubi
621 4185 736 4257 soleam
752 4205 821 4244 cum
835 4186 975 4245 cancellis
990 4186 1105 4265 iungit:
1126 4185 1156 4248 el
1172 4174 1230 4247 cdv
1245 4184 1365 4247 εἴποιεν

263 4265 334 4352 περὶ
351 4271 415 4333 τῶν
431 4266 466 4334 ὅν
483 4274 548 4347 ταῖς
561 4268 797 4355 &palestrarum
809 4270 862 4337 sui
874 4276 940 4349 τοῖς
951 4270 1150 4355 καλουμέναις
1163 4268 1284 4345 sotim
1298 4263 1364 4351 πρὸ
