3017 4900
251 331 325 407 nr
496 325 709 416 omnent
732 329 780 399 n
802 323 1111 399 anemone
1231 413 1235 421 ¹

334 503 405 566 886.
449 489 654 578 Theophanes
673 495 752 557 ‘sbr'dv
765 497 880 576 κλέψαι
897 501 1054 582 μεριμνᾶν
1066 493 1119 563 vde
1129 491 1283 579 πόλεμον,
1301 497 1357 564 sol

248 583 301 652 ded
317 580 422 658 ννκτᾶς
437 579 591 667 α’φεγγοῦς
604 578 723 659 τούτοις
733 586 926 667 προσβαλεῖν.

259 699 264 704 ·
334 673 407 735 868.
449 667 618 730 idemtbtd.
625 711 636 742 ,
657 668 781 730 Pisidae
793 671 896 728 losum
913 666 1087 745 effundam,
1109 665 1304 750 πανσελήνου
1320 669 1355 733 δὲ

251 753 345 837 οὔσης
363 757 421 835 τοῖς
440 753 552 832 vverde
572 749 772 836 ἀπεκρούσθη
786 753 1041 835 τοελισεέμμαεος,
1062 753 1116 817 eal
1133 751 1193 835 τήν
1206 754 1282 838 reple
1297 747 1356 818 uri·

249 847 311 904 ssia
329 842 496 948 σεβασμλαν
513 834 618 904 αοέοἷν
642 840 812 922 λδνσφήμει
834 835 983 921 σελήνην·
1004 833 1026 921 ἡ
1049 836 1083 904 tt
1107 834 1221 924 σελήνη
1240 839 1357 923 datm

248 920 316 992 κατ’
330 922 429 1007 eorda
443 922 501 1008 τήν
515 921 612 989 νύκτα
625 925 658 990 ἐκ
673 932 731 992 τοῦ
746 919 982 1008 συμβεβηκότος.
1040 993 1043 1001 ,

335 1015 406 1076 871.
450 1029 468 1071 ε
483 1013 555 1072 solis
567 1013 717 1096 lunaeque
729 1010 866 1086 deibotu,
887 1013 1007 1092 quoties
1017 1004 1051 1066 id
1061 1008 1127 1068 fieri
1139 1011 1266 1090 eontigit
1276 1013 1359 1070 inter

249 1111 283 1159 ee
296 1098 500 1178 pugnantibus
514 1099 651 1177 populis,
674 1108 795 1178 sumpta
807 1099 900 1158 titisse
913 1094 1071 1154 hincinde
1084 1115 1102 1153 a
1115 1094 1244 1156 duoibus
1257 1115 1357 1176 augn-

250 1186 295 1242 ria
313 1183 482 1242 luoulenter
504 1183 681 1243 confirmant
699 1196 818 1244 veteres
838 1181 998 1255 historiae,
1020 1199 1063 1239 ex
1082 1183 1192 1262 quibua
1213 1184 1356 1261 exempla

249 1265 398 1329 adducere
419 1279 558 1329 nostnrm
578 1287 640 1328 non
662 1289 728 1330 esse
748 1280 899 1350 putamus.
942 1265 1120 1326 hootamen
1137 1263 1257 1326 adrem
1272 1265 1358 1325 diee-

246 1373 337 1430 mue,
360 1353 444 1434 quod
460 1351 630 1414 Herodotus
648 1354 702 1414 lib.
716 1359 738 1420 Ἰ
748 1377 784 1434 p.
803 1353 866 1418 896
882 1352 994 1412 referte
1015 1371 1102 1428 amn,
1123 1355 1226 1412 Xerxe
1245 1371 1264 1411 a
1282 1353 1357 1412 Sar-

252 1437 341 1499 dibus
354 1449 449 1499 eastra
460 1451 611 1516 movente,
634 1443 681 1501 eol
694 1440 863 1515 defecisset,
886 1439 982 1520 ripato
994 1433 1068 1511 rusie
1079 1432 1205 1520 μάγους,
1225 1437 1261 1502 eo*
1273 1437 1357 1501 θέλει

252 1525 437 1608 προφαίνειν
459 1521 493 1590 sd
515 1521 637 1606 φάσμα·
662 1526 695 1589 οἱ
716 1522 751 1588 δὲ
775 1525 892 1603 ἔφασαν
918 1521 960 1598 ὥς
976 1517 1104 1603 Ἕλλησι
1126 1517 1358 1605 aeetae-atet

251 1607 328 1685 θεὸς
346 1603 482 1690 ἔκλειψιν
498 1615 559 1673 τοῖν
576 1612 709 1688 troilus,
728 1607 864 1691 λὶγοντες
879 1603 970 1688 ἥλιον
987 1603 1067 1671 εἶναι
1078 1606 1234 1690 Ἑλλήνων
1245 1607 1357 1692 προδέ-

252 1718 353 1776 κτορα,
376 1691 506 1776 σελήνην
519 1693 552 1759 βλ
565 1694 677 1772 σφέων.
720 1693 804 1755 hisce
816 1714 938 1776 prorsus
951 1692 1064 1753 similia
1074 1705 1176 1753 namet
1187 1699 1221 1769 Q.
1235 1697 1360 1754 curtius

251 1787 273 1847 7
297 1785 355 1846 10:
377 1799 447 1839 euru
469 1782 550 1839 enim
565 1778 741 1840 Alexander
755 1780 795 1839 ad
808 1782 973 1839 Granicum
982 1782 1106 1839 visisset
1118 1782 1260 1856 Darium,
1279 1781 1356 1838 lana

252 1865 373 1926 defeoit.
423 1883 479 1924 rex
503 1869 669 1948 Aegyptios
690 1877 774 1926 vates
795 1886 830 1925 ee
852 1864 890 1924 de
908 1887 941 1925 re
961 1864 1037 1947 quid
1056 1869 1217 1943 sentirent,
1242 1882 1357 1945 expro-

250 1967 333 2010 mere
349 1951 449 2011 iubete
472 1953 564 2010 atilli
581 1952 730 2011 affirmare
747 1952 840 2013 solem
859 1953 1059 2023 Graecorum,
1080 1952 1189 2011 ἱαοιαοη
1206 1973 1266 2011 ease
1278 1954 1357 2010 Per-

250 2054 375 2096 sarum:
407 2038 522 2116 quoties
542 2037 599 2096 itta
618 2038 754 2112 definiet,
778 2040 901 2097 ηιίααοα
924 2049 1115 2118 strugerrrque
1135 2037 1201 2096 Ελίε
1214 2035 1358 2117 gemebas

245 2115 400 2202 pertendi·
420 2132 579 2202 veteraque
592 2123 727 2202 exempla
737 2132 916 2203 percusserit
927 2123 1062 2182 Pnuilis
1073 2143 1193 2202 regum,
1215 2143 1289 2203 quos
1297 2122 1358 2181 ud-

250 2209 344 2268 mats
358 2206 419 2266 datr
427 2227 586 2288 pugnasse
602 2207 694 2267 lutrae
708 2201 882 2268 ostendisset
895 2208 1031 2288 defectui).
1077 2227 1147 2268 eum
1164 2210 1257 2288 igitur
1273 2217 1358 2267 tanta

249 2304 330 2356 esset
348 2290 406 2352 heo
419 2295 452 2352 in
469 2313 501 2352 re
513 2295 675 2354 Persarum
688 2296 795 2375 religio
810 2305 840 2353 et
855 2295 1030 2354 confirmata
1047 2298 1213 2369 sententia,
1233 2294 1279 2351 nil
1294 2295 1356 2351 mi-

250 2395 319 2439 rum
336 2396 387 2438 eos
403 2381 441 2439 ab
456 2381 576 2462 incepto
591 2379 742 2441 destitisse
763 2381 953 2462 perterritos,
977 2391 1008 2439 et
1021 2379 1161 2439 fraudem
1179 2383 1358 2438 intentatam

250 2466 416 2546 abrupisse,
438 2484 477 2524 ne
491 2466 626 2527 adversis
641 2466 699 2527 diis
710 2466 885 2527 viderentur
898 2468 977 2525 velle
992 2465 1146 2529 dimicare.
1179 2478 1270 2546 atque
1283 2462 1359 2524 hine

248 2554 342 2612 etiam
355 2562 455 2632 patet,
477 2570 531 2612 our
543 2552 647 2613 Pisida
662 2552 742 2613 dieat
755 2556 863 2613 Persas
876 2550 1018 2613 habuisse
1030 2554 1135 2611 lunam
1149 2546 1193 2624 rie
1203 2550 1356 2626 eman,

248 2648 285 2697 ret
303 2640 500 2711 οοιιινονιανι,
519 2647 635 2697 utnon
653 2658 755 2711 auum,
778 2658 848 2698 sum
865 2649 969 2698 tamen
981 2641 1079 2718 ipsam
1091 2646 1171 2697 stare
1185 2654 1241 2716 pro
1252 2637 1360 2696 Persis

249 2726 387 2783 omnium
400 2733 479 2782 esset
492 2725 670 2803 pervulgata
684 2724 795 2804 opinio.

335 2806 409 2874 stt.
452 2806 689 2887 deprecabantur
702 2810 814 2869 Persae
828 2828 867 2867 ne
879 2808 954 2868 lama
965 2806 1005 2868 ad
1018 2816 1216 2887 augmentum
1229 2802 1358 2865 aoeede-

248 2904 315 2955 ret:
337 2911 398 2974 quo
419 2896 502 2952 enim
520 2897 633 2972 maior,
657 2906 687 2955 et
704 2896 826 2977 longior
843 2895 953 2956 fuisset
973 2892 1118 2971 defectio,
1139 2894 1277 2975 gratim
1297 2892 1357 2951 sibi

249 2982 332 3041 mala
346 2978 521 3061 impendere
532 2982 723 3041 verebantur.

222 3096 228 3133 Δι
336 3069 514 3129 honorat
539 3086 569 3125 r.
585 3072 617 3133 7.
658 3068 701 3125 ita
726 3085 817 3146 supra
833 3065 965 3124 Aeroaa.
987 3068 1010 3128 2
1031 3064 1096 3131 255
1118 3062 1214 3124 solem
1238 3063 1356 3123 roserit

251 3154 434 3215 Heraolium.
475 3150 546 3211 tide
562 3152 640 3211 infra
654 3172 685 3211 r.
700 3155 752 3215 99.

336 3242 368 3302 9.
411 3248 530 3316 aperte,
550 3249 584 3297 ut
598 3236 675 3296 mihi
686 3236 820 3312 ridetur,
842 3238 1004 3294 Persarum
1017 3235 1178 3294 stultitiam
1192 3228 1355 3316 reprehen-

252 3320 313 3397 dit,
335 3324 388 3403 qui
401 3324 560 3401 Magorum
571 3324 832 3383 vaticinationibus
846 3329 877 3380 et
888 3322 1080 3379 oraculorum
1094 3322 1245 3400 responais'
1256 3316 1354 3377 fiden-

250 3416 295 3465 tes
306 3408 413 3465 lunam
425 3426 479 3486 pro
493 3410 567 3488 ipsis
580 3402 659 3467 stare
671 3408 828 3488 putabant,
845 3416 880 3465 ut
892 3426 990 3487 nuper
1002 3408 1227 3466 observavimus
1241 3408 1262 3467 2
1283 3406 1356 3467 376.

248 3490 436 3551 christianos
458 3504 560 3551 antem
579 3512 642 3552 non
660 3491 788 3553 ridicula
801 3503 907 3552 samm
921 3502 951 3550 et
965 3489 1164 3551 Phoebadum
1181 3489 1288 3548 deliria
1301 3508 1356 3568 pro

248 3579 337 3637 oertis
355 3574 593 3659 indubitatisque
615 3577 726 3638 habere
748 3577 895 3653 ostendit,
917 3576 974 3638 sed
985 3581 1110 3637 veritate
1123 3576 1182 3634 niti
1194 3578 1358 3655 seriptum-

246 3682 331 3739 rum,
353 3664 438 3721 ouius
453 3672 537 3722 tanta
552 3666 598 3723 tis
616 3674 661 3723 est
678 3676 708 3724 et
723 3666 797 3740 lux,
820 3674 855 3722 ut
873 3682 980 3724 omnes
999 3663 1112 3722 effusae
1134 3661 1287 3719 mentibus
1307 3668 1357 3716 te

247 3751 359 3809 nebrae
373 3746 581 3809 discutiantur.
625 3761 758 3809 aetenam
770 3748 866 3825 ludit,
889 3760 925 3809 ut
938 3751 1064 3823 assolet,
1086 3753 1194 3827 poeta,
1217 3755 1246 3805 et
1259 3747 1356 3802 nimio

248 3833 440 3895 antitheeeon
456 3834 556 3895 studio
581 3854 672 3915 saepe
691 3836 818 3917 profana
838 3838 963 3895 nomina
976 3833 1015 3893 ad
1030 3854 1077 3893 res
1090 3850 1189 3893 sacras
1203 3830 1356 3890 transfert.

249 3922 293 3979 sio
312 3940 393 3992 nuno
414 3922 552 4001 Apollini
568 3920 679 4003 Pythio
702 3923 752 3981 tel
769 3915 920 4001 Delphico
934 3919 1094 3981 Phoebum
1109 3913 1219 3999 εὐσεβῆ
1232 3916 1357 3995 reh'gt'v-

250 4024 318 4108 νεαρ
338 4010 479 4148 opponit,
501 4007 643 4068 videlieet
662 4008 856 4085 Heraclium,
877 4006 916 4068 de
937 4028 998 4091 quo
1020 4010 1064 4067 ita
1082 4006 1218 4087 loquitur
1230 3999 1358 4061 utnihil

250 4102 348 4151 matus
390 4111 426 4150 eo
466 4103 546 4152 osset
558 4097 729 4154 convenire.

338 4178 390 4242 11.
432 4112 542 4257 dpollo
561 4178 690 4259 Pythius
707 4174 826 4255 Λοξιολς
840 4198 860 4237 a
874 4174 962 4254 λοξός
980 4176 1136 4257 obliquus,
1157 4170 1242 4257 quod
1259 4170 1357 4231 ambi-

252 4261 1249 4432 tltttttti‘ti'tttttttffiitttblittt
1277 4273 1358 4402 tt:

526 4371 542 4409 e
615 4408 619 4413 .
811 4370 851 4409 ue
1247 4384 1257 4405 .
