3017 4900
150 399 155 420 .
220 343 223 352 ’
259 345 318 414 DE
340 343 478 416 REBUS
502 341 613 413 POST
636 341 878 414 mannicum
898 342 1057 413 Gustus.
1160 343 1212 420 5‘!

104 519 201 601 ὅστις
214 519 268 588 τδν
282 517 401 588 ἅπαντα
412 517 565 610 παρίλαβε
583 514 701 587 στόλον.
752 515 787 596 ός
800 515 878 604 πρός
891 522 931 605 τῇ
939 515 1037 606 Ῥόδῳ
1053 512 1211 604 γενόμενος

104 629 168 692 τιαλ
193 626 233 694 τὰ
257 625 449 706 ἐντεταλμένα
468 623 661 710 ἀπαγγέλλων
680 626 876 698 καταπειθεῖς
891 620 1008 709 εὕρισκε
1023 625 1073 686 καί
1087 619 1211 708 προδό-

104 755 197 813 μους
207 729 285 816 πρδς
295 729 349 794 τὸν
362 725 510 794 διάπλουν
521 723 713 813 δπάρχοντας
725 725 798 802 τοδς
811 725 1051 810 συνειλεγμένους
1062 723 1210 804 ἅπαντας.

107 829 206 915 μόνοι
229 833 263 897 δὲ
286 831 315 897 ολ
337 827 574 918 παραγενόμεναι
596 837 651 896 τοῦ
671 830 813 914 Ὀψικίοα
837 835 970 915 στρατοῦ
990 828 1046 911 τὴν
1068 828 1211 912 τοιαύτην

77 933 291 1022 ὅὸδοιπορίοιν
307 936 490 1000 διδοίκεσαν.
539 932 752 1014 στασιάζουσιν
771 923 826 998 oris
841 933 875 1009 ἔξ
891 930 1002 1012 αάτοῦ,
1025 932 1077 996 καλ
1090 931 1142 998 τόν
1154 931 1212 1015 μὲν

105 1039 243 1120 βασιλέα
258 1035 456 1104 Ἀναοτάοιον
475 1033 688 1125 ίδυσφήμουν,
703 1032 845 1119 Ἰωάννην
862 1036 897 1100 δέ
913 1034 966 1101 τδν
982 1031 1121 1100 διάκονον
1132 1032 1212 1122 ῥομ-

105 1141 195 1232 ᾳιαίρι
205 1141 426 1207 ἀναλίσκουσιν.
478 1139 616 1206 ἔπαλλεν
628 1138 734 1207 λοιπδν
747 1139 777 1206 oi
790 1136 894 1205 στόλοι
905 1137 1117 1204 σνεδάννυνται
1122 1185 1134 1218 ,
1159 1139 1212 1202 καλ

105 1245 194 1333 πρὸς
216 1243 256 1310 τά
278 1245 373 1310 nixam
395 1243 584 1310 ἀπίπλευσαν
607 1244 741 1321 λἰιαοτος.
792 1242 880 1308 attat
902 1243 936 1307 δὲ
953 1243 1002 1307 tut
1020 1241 1076 1326 τὴν
1093 1239 1251 1306 tammo

106 1345 250 1423 ἀνιόντες
276 1349 329 1412 καλ
350 1345 426 1434 πρὸς
451 1347 487 1414 τδ
503 1345 723 1434 Ἀδραμύττιον
746 1344 900 1431 γενόμενοι
923 1346 1017 1411 ἐκεῖσε
1041 1341 1215 1433 εάρίσκουσι

59 1458 100 1512 10
113 1445 287 1516 Θεοδόσιόν
306 1475 376 1516 τινα
400 1447 497 1534 ὄνομα
505 1497 516 1530 ,
541 1456 601 1517 τῶν
623 1451 777 1533 δημοσίων
793 1447 898 1536 φόρεον
913 1446 1088 1536 πράκτορα,
1110 1445 1214 1535 ἀπρά-

108 1550 216 1641 γμονά
235 1578 303 1617 τινα
321 1555 372 1618 καλ
394 1552 518 1637 ἰδιώτην
534 1550 734 1637 τυγχάνοντα,
761 1553 812 1616 καλ
826 1551 904 1638 πρδς
917 1552 974 1634 τὴν
988 1559 1043 1635 τῆς
1057 1553 1214 1633 βασιλείας

110 1658 206 1735 ἀξίαν
218 1657 445 1744 προτρίπουσιν.
481 1653 497 1721 5
512 1657 546 1722 tt
559 1656 659 1744 φυγάς
671 1654 767 1744 ᾤχετο
780 1656 831 1719 καλ
846 1658 889 1731 είς
901 1652 972 1741 ἀρος
985 1653 1215 1740 κατεκρόπτετο.

111 1759 204 1826 αὐτοὶ
219 1760 253 1824 δὲ
264 1755 479 1847 ἐπιδραμόντες
490 1762 541 1825 καλ
552 1757 732 1843 βιασάμενοι
745 1757 875 1841 βασιλία
887 1783 921 1826 τε
933 1754 1151 1846 ἀναγορεόουσι
1163 1757 1216 1822 καλ

112 1864 196 1947 μεθ’
214 1859 330 1928 ἑαυτῶν
345 1861 463 1947 ἀμουοι.

68 1973 107 2029 15
222 1970 331 2030 Ταῦτα
345 1963 543 2040 Ἀναστάσιος
562 1963 752 2050 μεμαθηκὼς
766 1962 801 2031 τό
817 1963 873 2046 μὲν
885 1958 1054 2043 Βυζάντιον
1065 1959 1125 2048 ἤδη
1137 1985 1216 2050 προ-

116 2065 337 2155 κατοχυρῶσας
362 2069 394 2132 ἐν
415 2075 454 2155 τῇ
475 2065 560 2132 πόλει
581 2071 715 2145 Νικαίας
730 2073 786 2150 τῆς
799 2065 879 2132 κατά
891 2068 1044 2132 Βιθυνίαν
1056 2067 1216 2153 ἐξέρχεται,

117 2171 238 2236 κάκεῖσε
259 2167 368 2236 ἔαυτόν
390 2173 653 2258 κατασφαλίζεται.
702 2167 719 2234 5
744 2172 778 2236 δὲ
799 2167 878 2251 μετὰ
899 2169 1066 2236 Θεοδοσίου
1084 2171 1253 2258 στρατδςλ)

118 2273 282 2356 συλλαβών
307 2272 427 2348 ἅπαντα
451 2274 505 2340 τόν
527 2280 581 2338 τοῦ
597 2273 739 2356 Ὀιμικίου
760 2273 891 2361 στρατόν
906 2276 958 2338 καὶ
972 2279 1098 2338 πλεῖστα
1113 2270 1217 2360 σκάφη

119 2375 269 2466 λμποριιιά
275 2423 286 2457 ,
305 2379 357 2442 καλ
371 2377 447 2444 κατὰ
462 2376 497 2442 τό
512 2374 571 2461 ἤδη
587 2379 638 2441 καλ
651 2374 789 2464 πρόσθεν
800 2377 956 2462 είρημίνον
970 2376 1219 2463 παραδαλασσίρι

70 2492 110 2547 20
115 2482 222 2569 χωρίῳ
242 2479 468 2567 Χρυσοπόλειος
487 2483 694 2569 παραγίνεται.
746 2480 861 2545 ἐκεῖθέν
885 2504 918 2545 τε
942 2479 996 2566 ἐφ’
1012 2476 1140 2545 ἑκάστου
1154 2487 1219 2555 τοῖς

117 2586 152 2649 ἐκ
166 2590 221 2667 τῆς
234 2582 350 2661 πόλεως
366 2582 499 2667 πόλεμον
513 2585 720 2672 προσέβαλεν,
746 2582 794 2648 ἐπὶ
809 2582 889 2667 μησί
899 2608 931 2647 τε
944 2579 979 2659 ἳξ
993 2583 1032 2647 zo
1047 2589 1103 2665 τῆς
1117 2578 1220 2665 μάχης

116 2684 267 2774 διήρκεσε.
317 2690 369 2751 καλ
384 2684 401 2751 5
416 2694 472 2755 τοῦ
481 2687 679 2755 Ἀναστασίου
695 2684 803 2763 στόλος
816 2685 894 2769 πρός
907 2692 952 2773 τῷ
967 2687 1081 2773 νεωρίῳ
1094 2692 1149 2768 τῆς
1161 2683 1219 2749 πό·

117 2790 383 2879 λειοςκαλουμίνηι
395 2790 492 2875 λιμίνι
505 2792 651 2876 καταίρει,
666 2786 682 2854 5
697 2790 730 2855 (ii
742 2796 798 2856 τοῦ
815 2789 981 2857 Θεοδοσίου
995 2786 1104 2868 στόλος
1117 2788 1221 2866 ἀδείας

186 2966 223 3023 23
239 2963 353 3037 κατήρει
368 2964 407 3036 P,
425 2966 448 3020 f.
465 2964 569 3035 κατῆρε
585 2964 723 3023 Patavina.

118 3119 258 3175 muitarum
273 3136 361 3175 rerum
376 3118 540 3191 experientia
556 3120 713 3191 praeditam.
748 3117 794 3174 hic
809 3117 951 3173 universae
963 3116 1042 3173 einssi
1054 3116 1222 3190 praepositus

119 3208 178 3244 oum
201 3190 324 3243 Rhodum
347 3188 480 3257 venisset,
502 3206 572 3259 quae
592 3190 621 3243 in
646 3188 775 3243 mandatis
799 3190 915 3243 habebat
937 3187 1068 3259 exposuit.
1103 3189 1222 3242 adhaec

119 3259 326 3313 assentientibus
344 3259 463 3313 omnibus
481 3266 509 3313 et
525 3260 560 3315 ad
575 3259 750 3329 navigandum
770 3258 887 3331 puratis,
910 3257 960 3311 soli
977 3257 1142 3328 Obsequiani
1157 3276 1222 3326 pro-

119 3329 262 3383 fectionem
291 3328 360 3381 iliam
389 3330 550 3382 metuebant.
586 3328 632 3399 qui
655 3330 761 3383 tandm
783 3328 915 3382 seditione
939 3328 1011 3381 faeta
1033 3344 1066 3380 eo
1088 3327 1224 3396 progressi

121 3408 184 3451 sunt
200 3406 230 3451 ut
246 3397 392 3451 maledictis
408 3398 437 3449 in
455 3398 620 3454 Anastasium
643 3398 828 3467 imperatorem
853 3395 980 3450 coniectis
996 3396 1121 3449 Ioannem
1136 3397 1223 3465 ipsum

121 3466 259 3520 diaconum
275 3467 362 3535 gladio
380 3468 549 3535 peremerint.
585 3486 618 3521 ea
632 3486 662 3521 re
679 3470 751 3521 facts
763 3475 822 3521 tota
839 3466 930 3520 elassis
948 3466 999 3518 huo
1015 3464 1128 3548 iiiuopue
1142 3466 1224 3519 dissi-

120 3543 199 3604 pata,
223 3536 319 3605 singuli
335 3537 365 3588 in
383 3536 494 3607 patriam
511 3552 583 3589 suam
601 3536 705 3591 reversi
721 3546 792 3591 sunt.
828 3545 856 3589 at
870 3534 1008 3589 rebellium
1030 3552 1138 3603 copiae,
1163 3537 1224 3588 dum

122 3610 151 3656 et
171 3602 247 3673 ipsae
269 3622 374 3689 quoque
397 3606 509 3675 patriam
533 3613 658 3674 repetunt
681 3613 710 3660 et
735 3607 769 3659 nd
784 3606 977 3673 Adramyttium
997 3603 1145 3674 applicant,
1170 3603 1225 3655 illio

120 3673 191 3725 forte
208 3673 386 3727 Theodosium
403 3675 532 3743 quendam
548 3674 711 3744 publicorum
727 3673 896 3742 vectigalium
915 3682 1064 3727 exactorem
1077 3672 1226 3741 inveniunt,

121 3741 237 3813 quietum
255 3742 385 3797 hominem
400 3762 431 3797 ao
446 3742 594 3814 privamn,
620 3760 732 3811 eumque
749 3746 783 3797 ad
801 3742 989 3812 capessondum
1007 3740 1144 3811 imperium
1162 3743 1225 3795 hor-

120 3820 219 3865 tantur.
255 3811 299 3865 itte
316 3814 379 3880 suga
398 3813 502 3881 elapsus
520 3812 548 3865 in
565 3820 652 3867 monte
668 3811 784 3866 delituit.
820 3812 869 3866 sed
886 3819 1053 3865 occurrentes
1067 3811 1106 3864 illi
1123 3830 1154 3865 ao
1171 3810 1225 3865 vim
1241 3824 1268 3861 o.
1286 3806 1337 3863 716

119 3880 266 3935 inserentes
282 3882 468 3953 imperatorem
485 3880 601 3935 salutant
617 3900 648 3935 uo
665 3898 753 3937 secum
771 3882 927 3951 perducunt.

190 3950 266 4003 Haeo
290 3951 337 4005 ubi
360 3950 515 4005 Anastasius
539 3952 679 4021 comperit,
699 3951 830 4019 Byzantio
846 3949 1034 4003 munitionibus
1051 3950 1154 4002 ffimato
1173 3948 1225 4001 Ni-

122 4036 187 4071 caea
206 4020 234 4071 in
254 4019 407 4089 Bithyniam
430 4022 565 4091 proiectus
591 4029 641 4073 est.
681 4020 721 4073 ibi
744 4020 865 4073 omnibus
881 4037 912 4071 se
929 4018 1070 4087 praesidiis
1088 4018 1224 4073 instruxit.

123 4086 228 4140 interim
244 4089 391 4143 Theodosii
408 4090 501 4161 copiae
519 4089 718 4158 Obsequianum
736 4106 838 4143 onmem
855 4087 999 4140 exercitum
1017 4105 1049 4139 ao
1065 4089 1158 4142 multas
1176 4107 1223 4141 ne-

123 4155 280 4223 gotiatorum
295 4176 378 4211 naves
394 4166 539 4229 occupant3
554 4176 684 4227 moxque,
701 4166 731 4211 ut
746 4157 824 4229 poulo
842 4165 905 4209 ante
920 4157 1031 4210 relatum
1048 4166 1104 4224 ost,
1122 4158 1156 4210 ad
1169 4175 1225 4208 ma-

122 4224 236 4278 ritimam
251 4228 391 4281 stationem
405 4227 642 4297 Chrysopolimnae
656 4228 728 4280 urbis
742 4227 887 4298 applicant.
922 4225 1014 4279 indeo
1033 4244 1152 4296 pugnare
1169 4241 1227 4279 eam

122 4293 240 4363 aggressi
265 4314 314 4348 sex
337 4298 471 4352 meruibus
494 4298 523 4352 in
545 4298 684 4351 obsidione
707 4298 863 4367 persistunt.
906 4313 975 4365 quae
1022 4313 1063 4347 um
1090 4303 1225 4365 geruntur,

122 4362 257 4419 Auuatnsii
272 4364 365 4421 uluaais
378 4368 412 4423 ad
429 4366 522 4423 nauale
539 4366 582 4437 (id
598 4367 672 4423 urbis
689 4365 780 4440 portui
796 4384 891 4421 noman
906 4367 962 4437 eat)
979 4362 1099 4438 appellit.
1134 4363 1227 4417 Theo-
