3017 4900
274 319 349 396 tto
706 317 769 389 DU
793 313 932 388 cliton

272 477 1260 567 mmaemmmmmotmtgaa
1282 478 1377 544 ‹leni-

272 593 334 654 qne
349 574 382 634 S.
396 574 568 651 Remigius,
587 573 813 631 intertrimento
828 589 899 644 suo,
921 565 1003 648 apud
1015 563 1147 626 eundem
1159 571 1336 651 scriptorem
1354 571 1374 633 1

233 659 333 722 -132
353 657 644 717 ubilamma
661 657 801 715 eooleubs
819 673 914 734 aspro
934 663 1113 712 manorum
1131 651 1216 712 iubeo
1239 656 1377 712 tim-ien-

273 744 353 816 lom,
381 753 411 802 et
428 745 630 824 magianum
646 742 771 800 mlicem
782 740 949 822 sobrium-i.
993 741 1026 797 in
1046 737 1094 797 itis
1112 757 1201 817 porro
1219 739 1375 799 turrimtlis

274 845 392 889 snorsm
404 827 616 888 eucharistiam
632 826 672 887 ad
688 829 823 890 iuiirmos
837 846 892 886 seu
907 824 953 883 ad
962 825 1106 883 rubum
1123 826 1229 904 reponi
1251 825 1376 883 solitam

273 912 386 975 liseur
406 913 493 976 dooet
504 915 668 994 Gregorius
678 914 865 974 'lbmnenais
883 909 921 970 de
935 911 1039 969 Gloria
1050 911 1139 968 llari.
1156 911 1174 972 1
1196 912 1255 974 86:
1284 927 1376 968 acee-

269 1001 655 1080 ptaquetmedrboonm,
675 993 1376 1080 inquauqnoeirsmdomim'oioorporiehnbs-

206 1118 214 1136 x
273 1084 378 1158 butro,
397 1086 485 1166 sem
505 1087 603 1164 eoepit
622 1084 668 1144 ad
687 1087 811 1157 ostium
839 1085 1049 1162 titgreeeuoque
1068 1079 1226 1158 templum,
1249 1091 1286 1138 ut
1304 1097 1375 1139 m

272 1169 598 1250 alterisuperponeret,
619 1165 1267 1248 elapndemuriueiurswebaturiuni'm.
1290 1175 1376 1225 um-

274 1257 332 1314 etni
345 1253 475 1316 dubitari
490 1265 590 1336 potest
604 1274 644 1313 ιιι
660 1255 750 1314 tuuis
767 1273 842 1314 rooo
861 1253 1045 1332 intelligatur
1057 1247 1106 1310 bis
1122 1251 1196 1310 loen
1210 1251 1301 1310 turris
1317 1251 1376 1310 illa

275 1341 398 1417 eibos-ii,
427 1359 505 1423 quae
518 1359 535 1400 a
548 1340 686 1400 oolnmba
696 1337 864 1420 pendebat,
895 1357 935 1397 an
949 1357 1021 1397 vero
1035 1337 1128 1418 pyxis
1141 1337 1209 1417 ipsa
1221 1353 1275 1394 seu
1290 1335 1376 1394 oibo-

275 1427 370 1498 n‘um,
390 1424 472 1507 quod
483 1429 672 1485 itmwirm
683 1435 772 1484 voest
786 1423 860 1485 ordo
872 1425 1036 1484 Romanus.
1078 1441 1152 1480 uam
1164 1423 1197 1479 iu
1209 1421 1375 1498 tun-inuiis,

275 1529 332 1572 seu
345 1515 445 1590 potius
460 1513 569 1571 arculis
583 1515 616 1570 iu
629 1510 756 1571 modum
768 1510 978 1570 turrioularum
992 1507 1116 1583 emotis,
1137 1525 1199 1566 non
1213 1504 1305 1566 modo
1319 1525 1376 1568 sa·

276 1615 360 1655 mam
374 1594 586 1657 eucharistiam
604 1595 659 1657 sed
672 1605 703 1656 et
716 1607 834 1657 amotas
848 1596 990 1677 reliquias
1006 1590 1173 1654 teoondites
1185 1602 1315 1666 oonstat,
1338 1601 1376 1650 nt

275 1683 426 1742 maiorum
438 1683 626 1758 eiboriorum,
647 1683 680 1741 in
695 1683 805 1763 quibus
819 1680 920 1740 dirius
934 1676 1085 1760 pendebat
1100 1673 1286 1752 enabat-iuis,
1306 1677 1376 1736 for-

275 1785 360 1826 mam
379 1765 602 1848 quodammodo
622 1767 784 1842 mfemnt3
821 1764 903 1825 unda
926 1765 1112 1825 Glossarium
1130 1765 1183 1822 Gr.
1205 1765 1273 1821 Iret.
1294 1783 1376 1840 uuo-

273 1845 434 1934 ysotuiosoe
448 1862 479 1912 et
494 1853 659 1932 aopyioaoo
673 1851 854 1910 amandum
866 1862 897 1910 et
909 1853 1076 1909 mummium
1089 1851 1187 1908 vertit.
1230 1856 1310 1906 oerto
1333 1845 1375 1906 (lo

273 1937 413 2018 reliquiis
433 1939 467 1995 in
486 1939 637 1996 torrionlis
657 1935 818 1996 reoonditin
835 1945 962 1996 testatur
973 1939 1036 1996 neo
1052 1935 1151 1998 oms
1171 1934 1212 1998 63
1236 1941 1267 1991 et
1287 1931 1309 1995 ³
1331 1935 1376 1996 80

273 2030 307 2079 et
321 2023 428 2081 Petrus
441 2019 560 2084 ilino-i
581 2022 634 2086 73.
677 2020 716 2081 do
732 2041 816 2081 soora
827 2041 898 2081 vero
911 2019 1090 2081 eucharistia
1105 2022 1138 2077 in
1148 2017 1300 2076 turribulis
1315 2035 1377 2076 au-

273 2107 335 2165 reis
353 2107 404 2166 vel
427 2107 574 2186 argenteis
595 2118 746 2166 mnemia
768 2105 953 2183 laudandus,
986 2109 1039 2188 qui
1057 2108 1091 2164 in
1112 2105 1245 2162 eoolesiis
1262 2103 1375 2162 nostris

273 2189 375 2250 ndbno
392 2201 522 2270 perstat,
551 2211 618 2252 mos
636 2194 755 2271 insigne
775 2193 899 2272 praebet
916 2193 1139 2265 testimonium,
1163 2179 1200 2247 iu
1220 2189 1327 2269 quibus
1340 2189 1376 2246 in

274 2278 496 2338 solennioribus
517 2277 602 2338 iestis
622 2280 737 2358 populo
754 2277 916 2359 spectanda
931 2287 960 2337 et
974 2274 1126 2338 adoranda
1140 2275 1172 2334 in
1187 2275 1226 2333 iis
1242 2273 1377 2353 exponi·

274 2371 333 2437 tur,
348 2363 381 2420 in
394 2360 513 2422 editiori
528 2364 630 2422 altaris
645 2381 699 2422 seu
711 2360 896 2424 tabernaoull
907 2363 989 2422 looo:
1011 2359 1066 2422 aed
1077 2363 1109 2419 in
1123 2361 1185 2418 illis
1197 2361 1376 2439 praesertim

275 2451 368 2508 neoris
386 2448 527 2526 aedibus,
548 2452 581 2510 in
599 2450 708 2532 quibus
723 2470 785 2509 nou
800 2450 855 2511 nub
873 2450 1011 2509 columba
1028 2456 1079 2507 aut
1093 2467 1111 2506 ι
1125 2448 1271 2525 superiori
1288 2445 1376 2503 oibo-

275 2534 314 2592 rii
331 2545 415 2614 parte
428 2534 557 2613 pendett
586 2556 658 2594 nam
674 2538 706 2593 in
723 2538 761 2595 iia
781 2554 930 2616 nusquam
944 2536 1003 2593 alio
1016 2552 1100 2594 auor-a
1114 2529 1293 2591 eucharistia
1306 2532 1376 2590 looo

275 2618 438 2698 speetanda
447 2622 616 2701 exponitur.
640 2622 733 2679 moris
745 2623 857 2702 quippe
869 2624 955 2680 istius
968 2616 1185 2678 hodiemiiude
1193 2618 1276 2695 origo
1284 2613 1377 2674 vide-

277 2712 327 2761 tur
341 2713 475 2783 sumpta,
498 2714 576 2764 utet
590 2723 673 2764 suoru
686 2704 865 2765 eucharistia
879 2716 908 2765 et
923 2724 994 2765 rasa
1012 2708 1077 2785 ipsa
1090 2704 1122 2761 in
1138 2704 1247 2784 quibus
1265 2718 1376 2759 reoon·

277 2785 360 2846 ditur
379 2791 413 2846 iu
435 2790 507 2848 tntis
527 2790 602 2849 locis
619 2802 822 2865 asserventur,
854 2810 893 2851 ne
912 2792 999 2851 furtis
1022 2798 1155 2870 pateant.
1195 2784 1277 2846 unde
1290 2783 1376 2866 qnod

277 2875 366 2932 nortis
384 2871 489 2933 diebus
504 2884 688 2934 mmmm
699 2874 837 2935 fidelibus
853 2896 936 2936 soora
952 2878 984 2935 in
1002 2878 1041 2934 iis
1062 2884 1212 2934 suemtn
1234 2870 1377 2931 euohusi·

277 2960 351 3033 otia,
381 2957 529 3019 eiusmodi
551 2980 633 3020 saora
655 2980 727 3019 rasa
748 2964 909 3020 orteneoria
932 2972 962 3021 et
981 2962 1194 3019 monebuntiue
1208 2960 1375 3017 etiamnum

276 3044 476 3123 appellantur,
494 3050 670 3125 praesertim
679 3049 711 3103 in
724 3047 884 3107 Germania
896 3056 926 3106 et
938 3048 1061 3125 Belgio;
1082 3045 1191 3127 quibus
1202 3046 1234 3102 in
1247 3044 1375 3124 proriu-

276 3131 331 3188 oiis
344 3130 376 3188 in
387 3132 478 3189 turris
495 3134 626 3211 speeiem
640 3152 760 3210 semper
775 3132 873 3191 efficta
886 3140 965 3205 suut,
986 3142 1021 3191 ut
1036 3132 1110 3190 olim
1125 3133 1158 3189 in
1173 3130 1299 3188 Frauoia
1313 3146 1373 3186 no-

276 3222 352 3287 stra3
383 3213 421 3275 de
435 3235 495 3296 quo
507 3234 592 3276 more
605 3218 667 3297 agit
679 3220 895 3297 Groppernain
912 3218 996 3277 libris
1016 3215 1054 3275 de
1070 3214 1248 3274 eucharistia
1263 3234 1293 3293 p·
1309 3212 1375 3278 4⁵0

168 3291 192 3346 P
208 3291 260 3349 676
277 3307 308 3356 et
318 3299 428 3359 Fronto
440 3302 578 3361 Dnoaeua
590 3300 629 3361 ad
640 3304 802 3361 Paulinum
815 3324 846 3383 p.
861 3303 922 3367 785
939 3304 1012 3383 quin
1028 3312 1058 3360 et
1071 3299 1144 3360 inde
1157 3300 1317 3370 tuniculis,
1337 3300 1373 3355 in

275 3383 385 3463 quibus
400 3404 501 3443 saurae
515 3388 661 3468 reliquiae
672 3386 884 3463 reconduntur,
898 3386 930 3445 id
942 3388 1072 3446 nominis
1085 3388 1190 3445 tribuit
1203 3382 1374 3443 Chronioou

274 3469 372 3527 Anias
388 3470 500 3548 Regiae
514 3491 540 3529 o.
559 3478 597 3535 17
611 3482 641 3530 et
653 3482 756 3531 auotor
769 3472 933 3531 Bohemiae
949 3476 1031 3547 Piae,
1053 3492 1084 3550 p.
1100 3474 1141 3535 99
1153 3480 1184 3529 et
1200 3470 1269 3534 105·

359 3556 411 3617 68.
454 3556 596 3615 Diximus
607 3559 640 3615 in
653 3558 804 3617 turriculis
820 3561 852 3616 in
869 3558 971 3617 oiborii
984 3558 1104 3616 maioris
1119 3558 1250 3635 speeiem
1264 3552 1374 3613 eiiiotis

274 3636 397 3697 reoondi
411 3639 557 3720 pyxides,
580 3660 657 3721 quae
671 3662 770 3701 sacrae
789 3642 984 3702 eucharistiae
999 3642 1160 3723 particulae
1178 3638 1217 3699 ad
1227 3642 1373 3698 viatioum

274 3735 440 3785 asservatas
453 3727 654 3786 continebant.
684 3728 820 3787 observat
832 3732 943 3809 quippe
957 3730 1104 3787 Honorius
1115 3723 1374 3805 Augustoduneu-

273 3812 316 3868 sis
332 3808 370 3868 de
384 3814 507 3892 antiquo
521 3814 591 3871 Ritu
603 3812 712 3871 liliosae
728 3820 742 3875 1
761 3815 818 3877 64:
839 3813 972 3873 oblatam
985 3834 1045 3872 non
1059 3816 1209 3892 integrum
1220 3818 1375 3887 sumptum

271 3895 349 3952 oiim
361 3916 379 3953 a
392 3895 546 3956 sacerdote
560 3916 642 3956 asora
655 3898 794 3972 iaciente,
817 3900 871 3957 aed
882 3900 914 3957 in
928 3902 988 3956 triu
1001 3900 1143 3968 divisam,
1165 3916 1260 3954 urorum
1270 3899 1305 3953 in
1317 3906 1374 3951 ou·-¹

272 3978 360 4037 Herm
379 3984 517 4055 musmo,
538 3982 628 4041 alirid
646 4004 667 4041 a
687 3984 837 4041 εασενιίοίε
851 3994 1073 4061 consumptum,
1094 3985 1213 4041 tersitem
1230 3984 1264 4038 in
1276 3982 1374 4058 pyxi-

273 4064 342 4121 dem
357 4068 508 4125 awriturie
519 4070 563 4126 ad
572 4071 716 4126 euticem
729 4072 900 4147 repositum.
933 4072 1023 4149 pyxis
1036 4070 1100 4144 iila,
1121 4068 1171 4125 vel
1185 4076 1264 4125 oerte
1278 4066 1374 4123 turri-

274 4149 341 4207 ouln
357 4159 424 4209 oum
438 4155 503 4231 ipsa
520 4153 652 4233 pyxide,
684 4153 827 4212 ciborium
845 4157 944 4213 minua
957 4165 986 4213 et
999 4155 1187 4213 itinerarium
1202 4150 1374 4231 appellatur

273 4236 305 4293 in
317 4235 420 4295 ordine
428 4240 573 4312 Romano,
596 4258 660 4318 oup.
675 4239 757 4319 quod
772 4240 942 4299 inscribitur
952 4240 1106 4319 praeJiitio
1119 4239 1245 4297 nninorie'
1256 4234 1307 4294 vel
1318 4234 1374 4290 ict-

272 4324 387 4381 nerurii
397 4320 512 4383 ciborii.
535 4324 648 4383 lemma
661 4328 796 4405 seqnitur
808 4323 884 4385 bueo
896 4328 1006 4385 oratio:
1030 4344 1161 4398 ommno,
1172 4320 1374 4391 dikum»
