3017 4900
436 333 481 399 ΙΝ
506 330 677 400 BELLUM
702 333 929 401 ovantum.
1157 336 1229 410 127

128 517 182 558 suo
198 518 288 558 cursu
298 497 426 558 Romani
438 497 559 578 imperii
573 497 647 558 fines
663 494 703 556 ad
719 500 994 578 septemtrionalem
1011 508 1128 580 partem
1140 499 1229 562 vide-

127 585 217 644 batur
234 583 408 644 describere.

215 669 266 736 84.
311 680 379 726 curn
390 664 493 726 Pisida
509 667 586 726 bene
601 668 789 728 observasset
802 671 913 727 Istrum
926 670 1018 728 fuisse
1033 670 1100 728 leve
1112 672 1229 749 praesi-

130 751 216 812 dium
229 765 258 812 et
269 753 528 834 propugnaculum
541 763 642 812 contra
655 753 805 829 barbaros,
828 753 979 834 quomodo
992 755 1107 813 Abares
1118 757 1231 814 flumen

130 841 314 914 transierint,
345 836 424 896 mihi
437 835 557 896 videtur
568 836 711 896 indicare.
756 839 915 920 equidem,
946 850 981 898 ut
993 859 1034 896 cx
1049 841 1113 898 eius
1130 843 1231 900 verbis

132 926 274 1000 conficio,
304 914 415 982 hiemis
431 933 566 1002 tempore
581 922 614 981 id
633 924 746 981 factum
763 943 827 984 esse
840 944 963 1000 censeo,
993 944 1061 983 cum
1075 926 1232 984 Danubius

130 1011 203 1088 gelu
217 1011 480 1087 constr-ingerebas.
515 1009 558 1066 ita
573 1027 644 1068 sane
658 1019 792 1087 tempore
804 1005 943 1083 Arcadii,
964 1008 1003 1066 ad
1015 1007 1097 1090 qnod
1112 1019 1233 1090 ternpus

130 1095 255 1154 fortasse
277 1097 397 1174 respicit
414 1090 535 1167 Pisida,
558 1095 693 1152 evenisse
713 1093 806 1152 tradit
824 1093 1043 1172 Philostorgius
1057 1093 1111 1152 lib.
1130 1097 1169 1158 11
1193 1097 1233 1157 8:

133 1175 261 1243 ὅτιτῶν
283 1175 425 1252 Οὔννων,
447 1197 557 1258 φησιν,
580 1178 612 1240 oi
631 1175 687 1257 plo
708 1183 763 1258 τῆς
783 1177 865 1254 ἐντός
879 1175 997 1262 ’lospoo
1015 1179 1157 1253 ἃυθίας
1175 1175 1235 1259 τήν

131 1261 247 1344 πολλήν
262 1260 476 1344 χειρωσάμενοι
493 1261 546 1326 sol
559 1263 793 1344 διαφθείραντες
806 1259 966 1346 πρότερον,
987 1263 1088 1326 ἔπειτα
1102 1263 1235 1346 παγέντα

132 1345 186 1412 τόν
196 1345 333 1429 corruda
348 1342 517 1429 διαβάντες,
540 1341 664 1430 diodor
681 1349 725 1423 εἰς
740 1344 798 1430 τὴν
813 1342 938 1431 Ῥώμην
953 1342 1160 1428 εἰσηλᾶσαντο,
1182 1347 1234 1412 sol

133 1431 209 1496 carol
230 1439 333 1496 πᾶσαν
355 1428 556 1512 &vocatone
577 1428 633 1512 τήν
654 1428 781 1520 Θρᾴκην
800 1429 874 1514 ’ὅλην
896 1431 953 1514 τήν
972 1426 1131 1515 Εόροὶπην
1154 1432 1236 1512 trct-

135 1537 236 1582 oovro·
279 1537 313 1578 ao
334 1519 426 1579 simili
444 1537 563 1598 prorsus
584 1519 699 1576 ratione
722 1539 753 1577 se
774 1521 805 1577 in
824 1523 978 1599 Europam
993 1529 1163 1598 penetrasse
1176 1519 1235 1597 ipsi
1353 1563 1358 1584 ,

133 1605 249 1662 Aberes
269 1605 435 1682 gloriantur
453 1601 536 1683 apud
556 1604 721 1682 Corippum
741 1602 794 1661 lib.
813 1610 844 1668 8.
887 1602 959 1662 hinc
972 1603 1094 1678 Pisida,
1117 1606 1233 1684 opinor,

133 1689 307 1748 Danubium
323 1693 423 1769 ipsum
436 1691 552 1769 poetice
566 1687 767 1767 reprehendit,
790 1687 873 1769 quod
887 1682 1017 1772 ἆγρᾶφφ
1029 1690 1140 1770 κρίσει,
1162 1708 1235 1747 cors-
1335 1700 1348 1713 ⁸

135 1785 183 1832 tro
199 1773 234 1832 id
244 1775 326 1854 quod
341 1785 406 1832 erat
419 1777 583 1852 succuum,
603 1775 746 1832 terminos
766 1793 842 1854 quos
856 1793 912 1832 sno
927 1775 1013 1832 alveo
1029 1772 1164 1832 dividere
1178 1772 1234 1831 de-

135 1860 258 1934 buisset,
281 1860 353 1938 gelu
368 1857 529 1918 obduratus
546 1860 745 1933 coniunxerit,
767 1855 838 1932 corle
850 1853 941 1940 bocco
954 1855 1094 1938 ὖπήξατο.
1231 1861 1235 1868 “

220 1947 272 2010 86.
293 1946 415 2004 molesti
431 1943 555 2025 quidem
568 1943 683 2003 Abares
697 1946 851 2018 Romanis,
867 1942 1013 2025 quamdiu
1027 1955 1108 2003 trans
1123 1945 1235 2004 Istrum

136 2040 205 2088 suut
220 2033 413 2090 commorati:
435 2047 525 2109 saepe
540 2031 622 2086 enim
636 2029 749 2086 flumen
768 2031 949 2089 traiicieutes
968 2041 999 2087 et
1016 2050 1070 2108 per
1083 2032 1234 2090 Romanae

136 2116 304 2194 provincias
317 2125 509 2174 excusantes
522 2117 623 2173 omnia
639 2114 806 2172 vastabant.
839 2134 909 2172 cnm
923 2124 1026 2175 autem
1042 2117 1111 2174 cisis
1124 2119 1235 2174 Istrum

135 2199 246 2278 pedem
263 2201 450 2276 intulissent,
480 2199 583 2279 ibique
604 2209 716 2258 certam
731 2197 837 2258 sedem
850 2198 961 2259 habere
981 2202 1164 2278 coepissent,
1186 2201 1236 2258 la-

138 2289 196 2344 tior
212 2288 254 2344 eis
270 2288 365 2365 putarit
380 2287 429 2345 via
448 2283 488 2344 ad
509 2305 555 2344 res
572 2286 776 2343 Romanorum
793 2283 982 2364 affligendas.
1025 2283 1190 2343 Menander
1203 2288 1237 2342 in

137 2371 214 2427 Ero.
240 2370 277 2428 de
295 2370 386 2451 legat.
407 2392 443 2450 p.
464 2373 523 2434 101
548 2377 674 2428 testatur
685 2369 799 2428 Abares
820 2370 1001 2449 perlegatos
1014 2371 1182 2449 postulasse
1199 2370 1237 2426 ab

138 2457 320 2531 Iustiniano,
351 2449 403 2534 ἐφ’
422 2448 448 2543 pl
463 2458 544 2535 σφᾶς
556 2458 763 2536 περιαθρῆσαι
775 2458 851 2535 γῆν,
872 2450 944 2518 ὅποι
959 2450 993 2518 sd
1007 2459 1108 2532 φῦλον
1122 2449 1238 2533 θήσον-

137 2563 187 2602 sur
199 2537 252 2615 sole
267 2535 409 2626 ρίκήσεις.
453 2560 488 2599 ac
499 2552 565 2599 tum
580 2539 703 2621 quidem
717 2538 755 2597 de
770 2537 944 2627 occupanda
954 2541 1082 2616 Sirmio,
1111 2542 1238 2619 amplis-

139 2629 216 2686 sima
238 2645 273 2685 ac
295 2627 488 2685 celeberrirna
511 2628 645 2701 civitate,
674 2628 821 2704 cogitasse
837 2646 877 2685 ex
893 2646 929 2683 eo
943 2636 1086 2706 apparet,
1110 2624 1191 2705 quod
1205 2627 1240 2683 in

138 2712 304 2789 legatione,
334 2730 426 2792 quam
448 2710 557 2769 deinde
571 2710 610 2770 ad
624 2713 773 2771 Iustinum
784 2712 946 2786 miserunt,
975 2709 1069 2769 iidem
1089 2713 1240 2789 petierunt

141 2791 215 2860 dors
229 2791 263 2860 sd
278 2796 407 2879 lepso's
421 2797 453 2859 ol
465 2796 641 2876 ἒνδοθῆννι,
662 2794 713 2859 sel
728 2792 766 2857 sol
780 2790 904 2875 συνήθη
916 2790 1063 2876 χρήματα,
1078 2791 1098 2857 ἃ
1112 2796 1240 2877 lloospl-

140 2904 246 2964 yoooos
266 2880 317 2944 sol
342 2876 540 2962 Odsolyoopos
559 2877 637 2961 πρός
659 2874 874 2943 Ἰουστινιανοῦ
891 2880 1064 2959 ἐκομίζοντο
1084 2880 1239 2961 βασιλέως,

142 2960 192 3031 olo
213 2961 252 3043 dri
274 2960 371 3029 adseri
391 2962 484 3045 lippo
503 2961 547 3026 sol
568 2960 656 3043 φύλω
674 2957 772 3026 τούτω
791 2958 978 3043 κατεχόντος.
1019 2962 1093 3022 dn'd
1108 2986 1145 3041 p.
1166 2965 1239 3029 154.

143 3061 221 3111 certe
235 3053 384 3126 Iustinus,
410 3047 512 3130 quoad
532 3051 646 3130 potuit,
669 3048 801 3109 obstitit:
827 3048 883 3108 scd
902 3050 957 3108 sub
974 3050 1098 3110 Tiberio
1116 3047 1239 3107 taudem

142 3132 175 3200 sd
193 3137 322 3217 Σίρμιον
337 3130 372 3198 so'
388 3132 463 3197 doro
481 3134 514 3198 ἐν
529 3132 630 3216 χερσὶν
645 3134 772 3216 lyeyoves

142 3222 288 3285 σπονδαί·
314 3221 348 3283 αἱ
361 3216 394 3281 δὲ
408 3224 560 3297 συνθῆκαι
574 3219 773 3283 ἐπονείδιστον
785 3218 956 3300 Ῥωμαίοις.
986 3216 1151 3276 Menander
1163 3218 1237 3275 ibid

139 3329 174 3385 p.
191 3308 263 3369 117.
304 3316 463 3386 propterea
474 3304 578 3365 Pisida
591 3306 741 3363 exclamat
758 3298 838 3383 ὅσην
857 3302 890 3367 δὲ
903 3299 1011 3366 iorco'o
1025 3315 1081 3363 etc.
1123 3304 1239 3362 Abares

143 3394 226 3451 enim
241 3412 303 3449 non
318 3400 471 3450 contentos
484 3394 596 3449 Istrum
609 3392 779 3466 traiecisse,
802 3390 882 3448 ultra
896 3391 1011 3449 Savum
1024 3392 1116 3448 etiam
1132 3408 1239 3468 supcr-

145 3486 256 3535 structo
272 3486 364 3556 ponte
378 3486 502 3554 vagatos
516 3496 580 3534 esse
593 3477 688 3555 liquat
702 3474 1134 3553 exeodemauotorep2128·
1178 3546 1181 3549 ⁴

230 3562 281 3624 88.
323 3582 427 3621 ornnes
439 3572 507 3640 post
519 3562 717 3619 iustinianum
732 3563 936 3640 imperatores,
955 3559 1240 3636 videlicotlustinus

145 3646 287 3705 Tiberius
301 3648 463 3705 Mauricius
474 3645 592 3706 Phoeas
605 3657 636 3704 et
647 3648 814 3721 Heraclius,
836 3648 936 3705 conati
951 3656 1021 3704 sunt
1036 3656 1118 3703 trans
1131 3648 1242 3703 Istrum

145 3732 259 3791 Abores
276 3732 470 3811 compellere,
501 3728 555 3790 sed
568 3732 692 3805 frustra,
720 3729 803 3811 quod
819 3731 933 3789 viribus
946 3732 1077 3810 impares
1091 3740 1190 3788 essent
1204 3726 1243 3786 ad

145 3814 352 3896 reprimendos
369 3817 527 3891 barbaros,
556 3814 732 3895 praesertim
751 3835 821 3875 cum
839 3836 900 3875 uno
923 3814 1091 3895 eodemque
1110 3825 1245 3892 tempore

147 3904 190 3961 eis
206 3912 285 3961 esset
299 3900 504 3961 dimicandum
521 3912 623 3960 contra
639 3903 757 3977 Persas,
781 3921 799 3959 a
815 3902 924 3981 quibus
937 3900 1141 3973 vexabantur3
1164 3898 1246 3957 unda

146 4006 207 4044 nou
222 3988 317 4045 semel
331 3985 370 4045 ad
382 3989 490 4045 incitas
504 3984 616 4045 redacti
628 3987 762 4044 Abauun
776 4006 866 4065 opem
879 3986 1040 4063 implorare
1057 3987 1152 4043 coacti
1165 3994 1246 4045 sunt.

230 4070 283 4134 41.
326 4068 476 4148 historici,
504 4091 581 4153 quos
593 4073 700 4131 tacitus
715 4069 820 4129 laudat
831 4068 952 4145 Pisida,
982 4068 1064 4151 quod
1078 4081 1147 4129 ante
1163 4090 1195 4129 se
1209 4068 1247 4126 de

148 4154 237 4213 rebus
250 4175 319 4214 cum
330 4158 464 4215 barbaris
478 4159 571 4235 gestis
586 4159 776 4236 scripserint,
806 4164 884 4215 certe
898 4165 966 4214 sunt
978 4158 1136 4235 Dexippus
1151 4153 1249 4212 Athe-

148 4242 277 4315 niensis,
307 4244 462 4321 Eunapius
477 4241 656 4316 Sardianus,
683 4244 804 4300 Priscus
819 4242 927 4299 Penita
942 4238 1057 4316 rhetor,
1084 4236 1249 4299 Menander

148 4328 317 4403 Protector,
341 4326 504 4405 Procopius
520 4328 736 4405 Caesariensis,
765 4324 911 4407 Agathias
927 4328 1108 4385 Mutinensis
1130 4321 1250 4382 schola·
