3017 4900
370 421 428 487 Al)
453 417 735 488 NICEPHORUM
759 416 913 489 NOTAE.
1141 419 1194 492 99

323 583 369 646 A.
392 587 424 646 cl.
447 586 659 662 628‚1n0o·0r.
684 587 717 662 1,
738 585 881 644 Heraclii
901 589 959 661 18,

99 681 188 753 poss
212 691 280 730 coe.
304 673 360 748 16,
388 671 531 732 Heraclii
549 675 615 730 usu.
640 673 697 747 16,
729 670 814 750 cyclo
833 671 906 730 solis
923 673 981 748 21,
1009 671 1102 733 harae
1117 679 1151 740 2.

158 787 323 852 chosroes
343 789 464 872 fugiens
482 787 643 850 Merdasen
660 789 758 853 filium
773 802 874 872 spreto
888 789 974 851 Siroe
990 811 1193 854 successorem

58 875 135 937 desi
186 887 233 934 at.
819 885 823 892 “

135 897 212 1021 glib
238 957 276 1020 id
296 960 381 1021 Siroe
400 959 514 1018 maiore
530 967 605 1020 natu
618 957 680 1020 lilio
697 980 732 1019 ac
746 963 907 1022 Persarum
918 962 1105 1044 principibus
1119 983 1193 1023 con-

58 1047 274 1128 spirantibus
290 1057 394 1126 captus
410 1064 444 1104 ac
459 1045 670 1104 miserabiliter
684 1049 800 1107 occisus
814 1058 859 1106 est
870 1048 957 1108 Febr.
969 1049 1012 1112 28
1027 1046 1087 1107 die.

160 1133 280 1192 strues
289 1132 332 1194 ‚ab
346 1131 484 1190 Heraclio
497 1149 604 1214 pacem
617 1135 773 1211 impetrat3
796 1133 848 1216 qui
860 1135 963 1193 literas
976 1131 1014 1192 de
1029 1133 1119 1193 rebus
1131 1152 1149 1193 a
1160 1153 1195 1192 se

60 1217 169 1296 gestis
187 1213 235 1276 ud
251 1215 370 1288 SPQG
384 1217 486 1276 mittit.
528 1236 583 1276 aaa
604 1215 642 1281 15
661 1219 736 1277 Maii
751 1220 818 1300 ipsa
834 1216 883 1278 die
895 1229 1083 1301 pentecostes
1095 1223 1128 1277 in
1142 1239 1195 1277 eo·-

60 1304 172 1362 clesie
193 1303 363 1381 perlectae.
977 1315 982 1322 ·
1096 1369 1101 1376 ‚

161 1385 294 1446 Eodem
313 1405 391 1448 euno
410 1385 567 1469 Heraclius
586 1384 705 1465 Gpolim
723 1388 898 1466 revertitur,
924 1407 1020 1470 eoque
1037 1407 1194 1448 sacrosan-

63 1483 160 1532 ctam
189 1470 311 1531 domini
334 1490 452 1530 crucem
472 1481 662 1550 transportat.
705 1490 799 1554 quam
812 1476 989 1556 insequente
1004 1494 1074 1535 vere
1089 1473 1194 1555 profe-

64 1569 142 1618 ctus
160 1557 390 1636 Hierosolymis
404 1557 543 1615 restituit.

165 1645 331 1703 Postremo
347 1663 386 1700 ne
403 1639 476 1723 quid
492 1651 714 1721 praetereamus
731 1641 814 1724 quod
833 1641 873 1702 ad
887 1641 1097 1704 illustrandam
1114 1639 1194 1700 hano
1208 1643 1231 1698 P
1247 1645 1283 1701 58

10 1785 11 1796 ,
65 1727 249 1787 historiam
264 1731 427 1808 pertineat,
450 1727 581 1786 Heraclii
594 1725 722 1802 liberos,
744 1747 874 1809 quorum
886 1727 1010 1811 quidem
1023 1726 1106 1810 apud
1119 1730 1196 1787 sori-

67 1825 185 1894 ptores
199 1815 317 1872 mentio
329 1813 377 1889 fit,
401 1809 460 1871 hoo
474 1813 542 1872 loco
556 1810 762 1872 subiiciemus.

388 1909 609 1964 euroauster.
630 1909 748 1980 ipsene.
768 1911 877 1982 roms.
887 1928 917 1982 p.
928 1914 962 1968 ts
979 1909 1094 1968 mest
1109 1909 1137 1965 s.

244 1941 366 2000 3⁰³⁰&
388 1979 528 2033 Heraclius
537 1981 592 2034 sice
628 1979 794 2034 costantinus
804 1980 901 2036 iunior.
921 1982 1031 2054 Nsaeps
1038 1983 1099 2054 μδ
1116 1980 1160 2037 13·

10 2081 211 2214 aare:
392 2079 917 2220 tm...
1033 2169 1039 2180 1

10 2261 13 2300 Ι
49 2245 55 2252 ·
392 2221 591 2276 Constantinus.
615 2221 972 2294 Grammaticomnst.

10 2351 14 2390 ι
245 2319 363 2378 Mutina
390 2289 541 2414 ggissglllldu
563 2291 673 2361 Ndsspll·
683 2307 712 2361 Ρ·
724 2293 759 2348 1⁷
774 2293 821 2348 ”-

282 2542 283 2547 Ν
389 2427 536 2621 Ξυῗξζέω
557 2464 747 2535 useless
767 2462 870 2532 aaa
996 2563 1001 2571 ¹

419 2568 506 2621 artinas

173 2656 299 2715 Praeter
320 2656 394 2715 istos
418 2657 493 2715 alios
508 2656 599 2714 etiam
613 2654 780 2734 suscepisse
792 2652 903 2715 liberos
915 2651 1048 2731 videtur,
1069 2672 1104 2713 ac
1118 2653 1196 2714 filias

14 2748 19 2807 i
81 2742 200 2801 saltem
217 2740 303 2799 duas.
324 2736 510 2821 Nicephorus
527 2741 608 2797 euim
622 2758 653 2819 p.
661 2742 702 2805 25
726 2741 746 2801 7
762 2740 945 2814 Heraclium,
961 2737 1035 2797 dum
1049 2738 1148 2798 adhuc
1162 2742 1196 2797 in

82 2824 216 2885 Perside
238 2834 383 2898 moratur,
415 2822 490 2884 duos
514 2826 650 2883 amisisse
670 2826 748 2884 lilios
769 2822 956 2906 totidemque
979 2825 1057 2885 filies
1082 2836 1196 2884 narrat.

16 2942 23 2977 2
83 2930 185 2993 quare
206 2918 241 2967 ut
262 2910 411 2967 masculos
428 2910 534 2968 ambos
548 2910 686 2967 Flarirun
701 2928 736 2965 ae
753 2906 962 2967 Theodosium
980 2928 1045 2968 esse
1060 2913 1197 2989 suspice-

84 3016 174 3070 mur,
193 2994 270 3052 filias
290 2994 397 3053 saltem
413 2993 450 3051 ab
465 2995 634 3073 Augustino
652 3002 682 3051 et
696 2994 826 3051 Martius
839 2989 972 3053 diversas
985 3005 1103 3072 oportet
1118 3014 1194 3069 esse,

18 3094 23 3149 ι
86 3102 161 3140 cum
174 3077 231 3138 has
246 3081 328 3158 ipsas
344 3077 506 3159 aliquando
520 3086 624 3159 postea
637 3088 772 3158 tempore
785 3081 936 3156 Augustas
950 3080 1115 3159 appellatas
1130 3100 1195 3139 esse

86 3166 244 3247 scripserit
258 3184 291 3245 p.
306 3165 347 3227 31
370 3168 400 3228 8.

176 3246 227 3309 Ad
241 3246 298 3309 hos
312 3268 417 3307 omnes
433 3244 617 3306 adiiciendus
632 3257 677 3307 est
690 3245 836 3308 naturalis
846 3246 926 3307 filius
937 3250 1066 3310 loannes
1082 3268 1195 3329 cogno-

86 3346 195 3395 mento
210 3332 417 3408 Atalarichus,
440 3332 477 3391 de
492 3351 551 3412 quo
565 3354 596 3413 p.
610 3334 653 3397 20
670 3328 702 3396 5.

21 3418 23 3427 ’
179 3418 240 3479 Sed
260 3422 323 3477 iem
339 3421 376 3477 ab
393 3419 524 3477 Heraclii
537 3420 726 3496 imperatoris
740 3414 865 3478 historia
878 3436 1001 3499 operam
1015 3428 1149 3478 nostram
1160 3418 1195 3477 in

23 3540 27 3573 ,
89 3500 271 3563 historicum
282 3506 384 3585 ipsum
397 3504 621 3564 transieramus.

178 3676 210 3737 p·
227 3660 247 3721 3
267 3674 296 3714 v·
313 3658 344 3720 9.
387 3654 431 3731 oie
457 3652 541 3739 παρὰ
563 3662 685 3732 πολλοῖς
709 3652 856 3743 ᾂδεσθαι]
889 3654 997 3716 eadem
1017 3656 1081 3715 fere
1102 3656 1195 3741 rerba

94 3749 165 3798 sunt
186 3737 267 3821 apud
286 3739 508 3822 Theophanem
527 3742 591 3823 (p.
613 3741 677 3808 248
701 3744 724 3801 (l
746 3742 795 3801 ed.
813 3742 940 3821 Paris).
987 3739 1078 3801 huius
1096 3741 1195 3800 furiae

93 3844 192 3886 mores
215 3845 288 3905 prae
311 3830 416 3888 ceteris
430 3828 661 3907 elegantissimis
672 3827 809 3889 versibus
823 3829 971 3909 expressit
983 3828 1196 3886 Constantinus

27 3946 28 3957 .
94 3912 258 3972 Manassae.

167 3992 220 4055 'ia
247 4016 277 4056 r.
305 4000 354 4061 11.
398 3992 445 4061 ded
466 3994 500 4061 ol
516 3995 585 4079 scapi
605 3992 664 4079 solo
684 3990 826 4078 Λιβύην]
855 3993 971 4055 addunt
990 3992 1196 4076 Theophanes

96 4082 228 4141 Zonaras
251 4083 463 4141 constantinus
487 4093 517 4141 et
540 4084 593 4142 alii
616 4102 634 4142 a
659 4084 845 4142 senatoribus
859 4084 987 4163 ipsoque
1004 4080 1080 4140 adeo
1092 4084 1196 4141 Prisco

96 4162 214 4224 Phooae
243 4186 353 4246 genero
383 4170 564 4227 solicitatum
585 4166 625 4227 ed
645 4166 844 4228 defectionem
870 4168 1043 4227 Heraclium
1062 4168 1195 4225 Heraclii

97 4252 280 4331 imperatoris
303 4261 437 4332 patrem,
458 4254 578 4313 Africae
595 4254 799 4333 praefectum,
820 4256 904 4315 cuim
918 4264 984 4313 tum
999 4253 1116 4332 legatus
1131 4259 1197 4309 erat

98 4338 242 4416 Gregoras
266 4338 419 4418 patricius.
462 4337 517 4397 sed
540 4337 622 4421 quod
643 4350 745 4401 noster
758 4340 915 4401 amborum
927 4331 1040 4399 liberos
1051 4338 1117 4416 pari
1130 4339 1196 4394 iure

98 4420 135 4481 ad
147 4442 232 4503 spem
243 4424 364 4503 imperii
376 4426 485 4485 missos
499 4425 618 4504 cpolim
636 4428 756 4504 amerit,
778 4428 953 4489 Heraclium
968 4424 1120 4483 maritimo
1140 4422 1197 4480 Ni-
