3017 4900
292 383 366 454 132
520 389 523 396 '
718 377 780 446 DU
811 375 953 446 canen

290 546 383 610 sacris
396 544 544 605 intersunt
557 537 746 604 sacerdotum
758 541 912 604 subsellia.
954 535 1039 600 addit
1047 546 1203 618 praeterea
1212 555 1304 618 snpra
1315 557 1388 600 earn
1448 561 1497 621 orn]

291 632 433 694 thromm
446 629 599 691 Christum
613 630 710 688 solere
722 629 845 708 effingi,
867 627 1006 687 menibus
1022 629 1054 684 in
1068 643 1205 684 mensam
1219 627 1389 703 appositam
1452 630 1497 686 ribr

291 720 324 777 in
336 720 432 778 crucis
445 717 573 776 fonnem
588 712 767 790 decussatis,
789 712 896 772 dextra
907 731 1018 793 panem
1033 729 1161 786 sacrum,
1183 711 1301 770 sinistra
1317 729 1389 768 crn-
1456 725 1497 772 roat

290 824 359 864 cem
372 799 663 882 apprehendentem:
685 797 840 858 hincinde
854 819 935 874 vero,
958 808 988 856 et
1002 817 1019 854 a
1035 795 1194 870 lateribus,
1216 813 1306 873 snpra
1320 797 1389 874 epi·
1456 821 1479 858 rr
1496 827 1497 855 r

173 899 176 906 '
290 907 448 967 scoporum
465 897 496 945 et
512 883 701 946 sacerdotum
719 883 847 958 sedilia,
877 881 1035 944 duodecim
1051 882 1253 960 apostolorum
1271 879 1389 958 effigies

291 973 473 1047 delinamas,
503 982 538 1029 ut
555 972 647 1029 etiarn
657 967 749 1029 hodia
763 973 796 1028 in
809 971 841 1030 S.
857 971 944 1028 Pauli
961 979 991 1026 et
1004 968 1167 1028 Salvatoris
1180 967 1311 1024 basilicis
1324 968 1390 1025 Ro·

289 1078 358 1118 mae
376 1059 607 1136 conspiciuntur.
649 1053 731 1115 unda
750 1056 875 1135 planum
895 1054 929 1112 fit
951 1073 987 1113 eo
1012 1055 1179 1132 respexisse
1203 1053 1390 1110 Gennanum

289 1141 490 1225 patriarcham
504 1143 570 1217 ΟΡ,
599 1159 668 1200 cum
679 1140 757 1199 dixit
766 1141 858 1222 βῆμα
877 1159 941 1200 ease
955 1132 1074 1246 θρόνον
1087 1135 1120 1198 ἐν
1136 1127 1218 1222 pinta
1231 1134 1249 1200 δ
1263 1138 1391 1216 παμβα-

288 1225 389 1301 σιλοδς
411 1223 541 1310 Χριστδς
560 1220 755 1304 προκάθηται
778 1222 934 1304 μετὰτῶν
957 1227 1055 1287 αυτοῦ
1076 1215 1268 1298 ιῖιιοστόλοιν,
1299 1232 1334 1280 ut
1359 1231 1390 1282 et

1458 909 1497 968 ”il

1472 1147 1497 1222 ep?

1467 1235 1497 1288 ri

287 1315 471 1393 Syrneonem
486 1309 667 1370 Thessalon.
682 1311 759 1370 libro
780 1309 818 1370 de
832 1311 980 1390 Templo:
1001 1309 1132 1385 καθίσας
1150 1311 1191 1369 roi
1213 1304 1390 1392 συνθρόνμ,
1469 1337 1497 1374 :rr

290 1395 345 1463 σδν
359 1395 492 1478 Χριστδν
505 1391 735 1476 λαμιμοδμινος,
749 1395 975 1477 συγκαθέδρους
988 1391 1110 1472 ἔχεικαὶ
1124 1367 1196 1466 rode
1211 1387 1391 1456 συνεπισκό-

1482 1422 1497 1461 λδ

291 1506 371 1558 κους
386 1481 438 1545 κοιλ
450 1482 540 1561 ἱερεῖς
551 1479 756 1562 μιμουμένους
768 1474 841 1554 σούς
854 1473 1049 1552 ἀποστόλους.
1091 1488 1122 1536 et
1136 1479 1213 1538 libro
1228 1475 1266 1538 da
1277 1478 1390 1538 Sacra·
1472 1515 1497 1546 „r

290 1569 419 1628 mentis:
440 1565 464 1647 el
478 1563 544 1628 dcco
558 1563 696 1646 καθέδρα
711 1562 768 1643 κήν
780 1560 1003 1646 δκιρουρᾶνιον
1017 1563 1151 1627 δείκνυσι
1164 1561 1321 1643 καθέδραν
1332 1565 1391 1626 τοῦ

1480 1581 1497 1634 ξι

280 1649 402 1734 Ἰησοῦ,
432 1651 468 1714 αἰ
487 1646 545 1714 u‘u'
567 1639 665 1731 αδκιὶν
678 1648 877 1732 δὲᾷαθμλδες
888 1643 944 1733 τὴν
958 1642 1086 1714 ἕκαστον
1099 1653 1160 1712 τοῖν
1173 1650 1321 1731 δεραρχιῖν
1335 1645 1391 1710 καλ
1475 1679 1497 1721 ,νς

291 1739 395 1820 ἱερέων
415 1733 500 1812 τάξιν
517 1758 549 1798 τε
566 1734 619 1798 καλ
638 1730 802 1817 διάβασιν,
835 1735 914 1798 ἔνθα
935 1731 974 1815 δὴ
987 1733 1038 1798 καλ
1055 1729 1094 1796 οδ
1106 1732 1196 1811 θίμις
1207 1731 1276 1796 nesci
1288 1733 1391 1811 ἕτερον

289 1827 434 1896 καθίσαι,
465 1813 538 1884 ου’δὲ
560 1825 624 1884 τιον
645 1816 798 1885 διακόνων
822 1813 934 1883 αδσοῖν.
978 1817 1084 1880 eadem
1099 1816 1196 1880 'habet
1208 1821 1276 1879 aliis
1287 1819 1390 1878 verbis

1478 1769 1497 1806 Ῑδ

1478 1853 1497 1892 ,ἥ

289 1909 368 1968 libro
385 1906 422 1966 de
437 1906 584 1986 Templo:
615 1902 666 1969 deci
688 1910 744 1970 τοῦ
766 1903 851 1989 ἱεροῦ
871 1900 1043 1987 συνθρόνου
1054 1900 1112 1968 'rto
1129 1905 1174 1979 εἰς
1186 1898 1340 1987 ου’ρανοδς
1354 1903 1390 1968 ts
1482 1943 1497 1976 e

290 1995 398 2069 δεξιιδν
412 1996 468 2054 τοῦ
481 1985 592 2069 mode
607 1989 801 2071 σαρκαθὲνκα
814 1983 905 2072 λόγον
918 1986 1107 2072 καθήμενον,
1129 1986 1180 2054 διδ
1193 1987 1226 2053 δὲ
1239 1994 1301 2052 τοῖν
1313 1985 1391 2052 οἰνα-
1483 2007 1497 2062 g,

281 2079 422 2160 pedronis»
439 2071 498 2154 eris
518 2073 645 2138 ἑκάστου
661 2079 723 2138 τῶν
737 2074 909 2159 ἱερωμένων
921 2069 1097 2160 ἆνθριδιισιν
1110 2075 1162 2138 καλ
1177 2079 1239 2139 τῶν
1254 2069 1390 2158 δῃέλιιν

288 2156 376 2239 τάξιν
388 2184 420 2224 σε
434 2160 488 2223 κοιλ
502 2154 664 2239 derideres.

1486 2114 1497 2148 'l

1487 2201 1497 2234 ri

374 2249 428 2310 67.
469 2246 544 2303 Dixi
562 2246 646 2304 binos
660 2263 794 2306 recessus
814 2263 867 2304 eeu
885 2245 985 2323 potius
1002 2241 1078 2305 duas
1095 2241 1256 2306 conchulas
1268 2244 1388 2318 maiori,
1486 2285 1497 2321 .:

289 2330 344 2392 ubi
355 2332 453 2394 stabat
466 2349 551 2390 sana
563 2350 679 2406 mensa,
701 2328 857 2389 adiunctas
870 2329 979 2405 finisse,
1001 2331 1128 2390 alteram
1145 2330 1185 2390 ad
1203 2330 1342 2390 dextram
1357 2340 1389 2390 et

288 2419 531 2498 septentrionem,
554 2417 680 2475 alteram
689 2413 728 2475 ad
741 2418 893 2477 sinistram
905 2427 934 2475 et
949 2414 989 2475 ad
1002 2415 1162 2477 meridiem
1178 2417 1289 2477 altaris.
1312 2433 1390 2475 ccu-
1493 2460 1497 2494 ,

288 2501 394 2564 chulas
415 2504 522 2561 maiori
535 2501 691 2561 adiunctas
706 2501 866 2577 describit,
887 2504 921 2561 ni
939 2502 1042 2578 fallor,
1065 2504 1254 2563 silentiarius
1270 2505 1287 2565 1
1308 2512 1388 2581 part.
1494 2546 1497 2579 ,

288 2608 322 2648 v.
335 2591 410 2654 236.
452 2606 525 2645 nam
547 2606 616 2645 cum
631 2586 759 2647 dixisset
772 2585 906 2645 mediam
917 2606 952 2645 ac
964 2590 1109 2658 maiorem
1125 2586 1270 2649 concham
1284 2606 1389 2646 sacer-
1495 2632 1497 2664 ,

290 2672 396 2734 dotum
407 2672 552 2732 subsellia
566 2674 599 2730 in
613 2673 717 2731 orbern
729 2671 932 2731 circumducta
945 2677 1112 2749 continere,
1141 2671 1226 2735 addit
1240 2692 1309 2732 eam
1329 2690 1390 2731 ex·
1496 2718 1497 2750 ,

290 2762 391 2839 cipere
404 2755 458 2837 (ad
468 2768 749 2837 utrumquenempe
766 2757 857 2835 latus)
877 2757 1144 2835 sermocinatium,
1173 2757 1281 2819 validis
1304 2759 1389 2817 inni-

289 2862 367 2903 xum
381 2839 604 2916 fundamentis,
626 2842 658 2899 in
672 2845 734 2901 ime
747 2840 870 2923 quidem
885 2853 969 2921 parte
983 2846 1015 2901 in
1031 2855 1125 2905 rectas
1142 2842 1265 2903 ductum
1278 2844 1387 2921 lineas,
1495 2894 1497 2919 ,

289 2948 419 3008 superna
442 2946 513 2987 vero
532 2928 575 2985 ita
594 2928 745 2987 sinuatum
766 2938 800 2987 ut
815 2927 944 3007 cylindri
957 2930 1106 2989 semisecti
1118 2930 1248 2989 formam
1265 2928 1388 2990 reserat.
1496 2976 1497 3007 ,

290 3034 326 3073 ea
340 3023 387 3073 eet
401 3013 483 3071 enim
493 3014 644 3071 minorum
658 3012 873 3073 conchularum
885 3014 990 3093 figura,
1005 3034 1082 3095 quae
1096 3035 1165 3075 cnm
1175 3017 1282 3075 maiori
1295 3015 1389 3093 longe

289 3100 451 3159 strictiores
466 3117 484 3156 a
499 3108 577 3157 terra
590 3110 755 3177 assurgant,
779 3097 907 3179 cylindri
924 3102 1073 3159 semitecti
1085 3102 1214 3161 formam
1228 3101 1387 3179 effingunt,

289 3184 386 3244 donec
406 3203 535 3263 superna
554 3185 725 3257 sinuentur3
757 3202 849 3265 quam
870 3188 962 3243 etiam
982 3185 1109 3264 figuram
1128 3190 1237 3247 maiori
1253 3184 1389 3247 conchae

289 3270 394 3329 tribuit
407 3271 578 3347 Procopius,
600 3269 671 3330 licet
683 3272 791 3348 potiori
805 3272 869 3329 iure
882 3271 1047 3331 minoribus
1059 3274 1112 3331 illa
1126 3274 1292 3332 conveniat.
1311 3290 1390 3331 mox

291 3352 376 3412 addit
388 3354 577 3412 silentiarius
594 3351 740 3416 concham
745 3398 756 3429 ‚
781 3356 957 3415 orientalem
971 3376 1098 3436 nempe,
1119 3357 1205 3417 binas
1220 3360 1295 3417 aliae
1311 3376 1388 3416 cun·

291 3436 364 3497 ohas
377 3437 517 3517 utrinque
532 3438 719 3516 protendere,
742 3458 845 3499 versus
859 3440 1044 3500 occidentem
1061 3440 1294 3522 progredientes,
1316 3452 1390 3501 tsn-

289 3523 521 3604 quamsiuhras
534 3542 604 3581 suae
616 3521 808 3597 extenderet,
839 3544 898 3605 quo
914 3528 1026 3587 clerum
1040 3547 1075 3589 ac
1093 3539 1228 3588 cantores
1241 3528 1389 3607 excipiat.
1496 3550 1497 3579 ι

290 3607 329 3667 de
342 3607 507 3667 minoribus
518 3609 611 3685 igitur
626 3607 780 3669 conchulis
791 3612 835 3669 ita
847 3612 1052 3671 silentiarius:

411 3690 470 3772 τήν
484 3689 517 3792 δὲ
528 3686 592 3771 μέν’
605 3690 752 3774 ἐκδέχεται
763 3702 916 3777 κρατεροῖς
928 3692 1059 3779 δραρυῖα
1070 3696 1232 3776 θιμελλοις,

413 3775 446 3852 ἔς
458 3778 550 3858 βασιν
561 3770 789 3860 ου’θυγραμμος,
811 3774 972 3860 ὅπιρθιδὲ
984 3775 1107 3857 κύκλιος
1123 3778 1226 3857 durni,

413 3858 563 3941 σχήμασιν
577 3858 616 3925 ori
631 3866 762 3945 σφαίρης
772 3864 948 3947 ἐναλίγκιος,
969 3862 1221 3950 intimatorem

413 3944 523 4026 ἄνδιχα
541 3947 744 4029 τεμνομένοιο.

287 4028 397 4092 harum
416 4031 632 4091 conchularum
652 4034 792 4109 alteram,
821 4053 914 4116 quam
927 4032 967 4095 ad
981 4034 1120 4099 dextram
1133 4035 1237 4097 statuit
1250 4035 1388 4115 Symeon

286 4114 584 4191 Thessalonicensis,
605 4112 754 4198 πρόθεσιν
768 4120 873 4179 Graeci
889 4124 1051 4202 appellant,
1075 4126 1162 4203 quasi
1178 4121 1259 4181 dicar
1267 4140 1389 4198 ponpo-

287 4204 424 4285 sidonem
437 4212 489 4261 aut
497 4206 710 4281 propositionis
722 4220 871 4278 κιοιιοαισι,
899 4226 917 4265 a
930 4212 1098 4267 ceremonia
1115 4228 1193 4289 quaa
1210 4210 1244 4265 in
1260 4226 1296 4265 ea
1310 4216 1388 4285 pet·-

285 4291 386 4367 agitur
395 4306 508 4347 nomen
517 4286 689 4349 habentem.
731 4294 765 4351 in
782 4309 817 4349 ea
834 4310 982 4373 namque,
1014 4294 1213 4366 aithllatius,
1243 4288 1386 4353 sacerdus

285 4384 355 4435 ante
369 4377 511 4453 οδιιιιια,
534 4385 565 4463 et
578 4393 638 4435 ana
652 4394 722 4439 cnm
734 4396 771 4439 eo
782 4378 997 4457 mirustrmtes,
1018 4398 1067 4441 res
1083 4398 1189 4443 omnes
1208 4374 1249 4443 ad
1262 4394 1396 4441 ιιοσιιιιι.
