3017 4900
299 354 373 427 162
556 344 769 433 cuniculus
791 345 838 414 lli
861 344 1136 413 numentinls

296 520 359 579 nici
370 512 525 578 Psschslis
535 536 570 595 p.
584 517 647 581 399
661 511 961 595 Dasagoeuwsae,
983 530 1000 571 s
1012 507 1149 570 ceum
1162 518 1265 567 sutem
1278 508 1423 587 Dyrta-

294 604 392 683 gerdo
409 604 585 683 appelletur.
628 610 660 659 st
672 599 775 660 Pisida
787 601 965 659 Artamis
984 596 1036 656 sel
1058 596 1216 654 Artmris
1236 614 1363 653 nomen
1379 598 1421 653 in

298 692 469 750 Artsserem
499 688 709 761 commutavit,
743 696 834 765 stqne
857 687 901 743 its
927 703 969 743 ex
991 679 1107 741 duobus
1125 680 1251 739 vocibus
1268 682 1421 740 Persicis
1481 689 1482 748 1

297 794 391 833 unam
402 776 516 833 Graeco
530 792 614 831 more
629 772 775 831 inflexum
786 770 914 846 effinxit,
934 766 994 829 hcc
1004 777 1059 843 est,
1078 767 1290 839 Damius,
1314 768 1421 847 qussi
1481 781 1482 836 t

298 857 411 919 diceret
426 860 548 917 Duram
560 857 726 917 Anares.

383 947 456 1009 172.
498 954 532 1003 ut
551 960 640 1021 saepo
658 939 699 1001 sd
717 941 936 1020 aurigationes,
955 958 1032 1019 ques
1051 932 1185 996 inludis
1208 934 1418 995 circensibus

298 1029 420 1104 hebent,
443 1029 636 1111 ἅλληγορίζει.
677 1046 751 1085 nam
764 1020 914 1106 καμπήρ,
936 1020 1209 1103 ακᾶμηωβεοίο,
1228 1020 1415 1096 eststems,

298 1134 390 1197 qnem
407 1116 484 1173 circs
497 1124 610 1173 mettun
623 1113 702 1171 Circi
716 1112 767 1171 vel
781 1109 973 1190 hippodromi
990 1109 1090 1167 facere
1110 1107 1248 1166 soiebnnt
1264 1108 1413 1184 enrigne,

298 1202 408 1259 iterum
422 1202 590 1279 iterumque
603 1216 621 1255 e
637 1216 754 1257 carcere
767 1206 960 1255 excurrentes
972 1191 1139 1274 eodemque
1153 1200 1351 1250 revertentes.

384 1288 455 1349 175.
498 1282 549 1343 hic
573 1292 619 1342 est
642 1285 829 1342 Artaxerxes
851 1282 902 1341 vei
923 1284 1103 1353 Artsxeres,
1135 1277 1290 1356 gregarius
1306 1277 1411 1334 miles

298 1372 408 1443 Perse,
431 1370 485 1450 qni
506 1369 604 1428 occiso
623 1369 777 1427 Artsbeuo
798 1369 836 1441 4,
858 1384 930 1445 rege
942 1363 1122 1423 Parthorum
1137 1363 1260 1435 ultimo,
1281 1363 1410 1439 primns

301 1457 457 1535 antiquum
471 1456 631 1513 Persarum
645 1454 678 1510 in
695 1454 816 1513 Oriente
829 1453 1004 1531 imperinm,
1026 1447 1110 1529 qnod
1119 1450 1152 1505 in
1163 1449 1255 1506 Dorio
1268 1445 1408 1521 finierat,

300 1543 471 1614 renovavit,
492 1542 606 1599 Romae
628 1540 796 1617 imperante
815 1534 990 1595 Alexandro
1011 1536 1210 1593 Memmnene·
1251 1532 1341 1611 pinrs
1363 1529 1407 1590 de

301 1646 337 1685 eo
359 1623 547 1684 Herodianus
565 1622 620 1682 tib.
637 1629 657 1689 6
674 1634 705 1681 et
720 1619 865 1701 Agethies
879 1620 932 1679 ot.
950 1621 981 1683 4.
1023 1638 1138 1678 ncvnm
1156 1627 1259 1675 nutem
1272 1614 1332 1674 hoe
1350 1637 1407 1674 re·

301 1730 396 1789 pum
411 1711 448 1769 nb
466 1730 544 1769 enno
559 1707 670 1767 Christi
685 1710 747 1771 226
762 1706 813 1766 vel
827 1709 889 1770 227
904 1702 944 1763 nd
958 1724 1071 1762 annum
1083 1722 1180 1783 usqne
1194 1706 1257 1766 632
1271 1702 1323 1759 vei
1335 1700 1407 1767 646

277 1814 284 1835 ¹
301 1794 436 1853 duravitt
460 1797 536 1853 mire
555 1797 637 1851 enim
652 1793 743 1851 estin
757 1789 817 1850 hoc
829 1791 943 1851 Persici
957 1792 1043 1869 regni
1056 1788 1116 1847 fine
1129 1784 1310 1848 stabiliendo
1324 1788 1407 1846 scri·

301 1888 422 1959 ptorum
444 1877 606 1953 dissensio,
629 1896 759 1957 quorum
780 1878 937 1955 opiniones
957 1874 997 1933 nd
1017 1893 1147 1933 examen
1165 1883 1286 1932 revocet
1299 1881 1406 1931 etex·

300 1962 406 2044 pendit
424 1966 608 2021 Assemnnus
628 1961 777 2021 Brhlioth.
801 1962 914 2019 Orrerrt.
931 1971 1002 2019 tom.
1018 1964 1134 2038 span.
1152 1965 1219 2036 lp.
1233 1954 1308 2021 425.
1350 1977 1407 2015 re·

301 2066 374 2129 gum
392 2056 461 2127 post
479 2058 655 2105 renovatum
677 2047 838 2125 imperinm
854 2048 1009 2104 Persicum
1028 2045 1240 2124 genealogiam
1255 2052 1286 2101 et
1301 2040 1406 2101 histo-

301 2135 378 2192 riam
393 2133 489 2191 obiter
508 2129 664 2210 descripsit
678 2128 824 2209 Agathins
838 2132 872 2189 in
887 2130 947 2189 fine
959 2129 1013 2188 ht.
1030 2132 1066 2206 ls,
1088 2131 1142 2211 qui
1153 2139 1258 2187 temen
1271 2146 1308 2185 es
1322 2146 1405 2208 ques

300 2218 391 2277 refert
412 2216 445 2279 ἐκ
468 2218 532 2279 eois
554 2219 713 2296 Περσικῶν
733 2216 861 2296 βιβλίων
879 2214 1125 2296 μπαληφθένια,
1150 2234 1187 2272 es
1198 2214 1333 2273 Persicis
1347 2233 1404 2270 urb

301 2302 399 2363 micis
414 2302 572 2381 deeurnpta
587 2322 648 2361 eece
668 2300 810 2360 affirmet.
853 2320 959 2359 verum
978 2320 1049 2359 cnm
1069 2301 1123 2359 ille
1142 2318 1230 2360 susm
1249 2298 1403 2357 neuntio·

300 2408 372 2448 nem
391 2384 430 2446 ed
450 2384 615 2450 chosroem
637 2389 655 2450 1
678 2405 776 2468 usqne
799 2383 942 2463 deducet,
965 2387 1050 2444 cuine
1066 2386 1165 2445 obitus
1178 2383 1219 2443 nd
1231 2403 1260 2442 s.
1273 2382 1339 2448 679
1351 2403 1403 2441 re·

299 2475 410 2550 fertur,
432 2475 460 2532 si
473 2476 541 2554 quis
552 2475 753 2553 posteriorum
766 2491 872 2551 regtnn
886 2475 996 2534 seriem
1008 2491 1096 2531 nosse
1111 2473 1221 2550 cupiet,
1242 2467 1404 2528 lendstrun

298 2563 399 2621 vium
418 2561 477 2618 los.
498 2559 654 2618 Shnonem
674 2561 889 2617 Assemenium
907 2556 996 2617 edent
1017 2557 1082 2616 lcoc
1100 2559 1168 2628 cit„
1189 2557 1243 2636 qni
1258 2574 1300 2614 ex
1315 2555 1403 2634 Syris

299 2645 492 2725 scriptoribus
512 2642 641 2702 esndem
660 2640 886 2720 chronologiam
903 2642 944 2703 nd
959 2640 1172 2720 lesdegerdem
1184 2659 1282 2722 usqne
1296 2659 1401 2719 perse·

298 2732 415 2812 quitur,
437 2739 528 2808 etque
543 2724 623 2786 hunc
636 2730 737 2806 ipsum
749 2727 892 2786 ultimum
903 2729 998 2787 fnisse
1010 2729 1170 2786 Persarum
1179 2745 1286 2804 regern
1297 2735 1400 2784 ccum

298 2809 536 2893 Theophanem,
569 2831 587 2870 s
609 2829 670 2892 quc
689 2831 745 2871 rex
764 2813 856 2889 ulter,
883 2811 1043 2872 Horrnisdn
1063 2813 1115 2872 vel
1131 2813 1327 2872 Hormizanes
1349 2811 1400 2869 vel

298 2897 504 2960 iiormisdetes
517 2899 657 2974 nomino,
682 2909 750 2977 post
761 2897 974 2977 Iezdegerdem
988 2898 1151 2974 sufficitur,
1171 2900 1245 2957 ssn‘s
1256 2897 1377 2956 evincit.

389 2985 460 3049 175.
502 2981 649 3062 Aguntur
667 2982 722 3044 zib.
739 2987 808 3062 212·
828 2986 891 3048 122
910 2988 931 3049 6
951 2987 1049 3043 Bonn.

385 3072 459 3136 178.
501 3067 581 3128 hunc
599 3067 720 3129 Pisidae
743 3070 987 3149 supputationem
1006 3088 1077 3128 cnm
1099 3066 1294 3146 chronologis
1314 3068 1398 3144 Age·

300 3153 383 3216 thiee
399 3165 429 3214 et
442 3156 604 3216 Assemcni
619 3156 778 3216 conciliare
790 3163 992 3231 tentaveram,
1012 3153 1069 3213 sed
1081 3155 1183 3214 irritus
1196 3155 1295 3212 omnis
1307 3169 1397 3210 oms·

301 3252 350 3300 tus
369 3243 438 3300 fuit.
481 3259 555 3300 nem
575 3239 844 3322 quomodocunque
860 3237 939 3298 huno
952 3244 993 3305 76
1008 3259 1155 3299 ennornm
1168 3236 1327 3318 periodum
1339 3256 1397 3294 ex·
1481 3232 1482 3265 ¹

299 3323 434 3404 pendes,
456 3345 564 3406 quam,
589 3337 623 3386 ut
643 3323 775 3398 videtur,
797 3335 933 3384 suctores
950 3326 1009 3384 sihi
1027 3345 1152 3386 cooevos
1163 3335 1283 3384 secutus
1296 3324 1397 3382 suunt

300 3419 419 3484 noster,
443 3411 616 3468 nuliatenus
630 3412 789 3469 convenire
802 3408 1024 3490 deprehendes,
1044 3410 1263 3493 siqnidem-ille
1275 3407 1395 3468 huiusce
1481 3390 1482 3469 1

300 3496 510 3572 sanguinarius
526 3491 642 3574 periodi
657 3514 778 3553 cursum
790 3495 831 3554 sd
842 3515 955 3555 nnnnm
967 3515 1064 3577 usqne
1078 3500 1141 3560 628
1152 3492 1314 3576 pmtrehit,
1336 3511 1396 3574 quc
1481 3500 1482 3573 ἦ

299 3577 447 3640 thsroes
464 3597 482 3636 ι
500 3581 617 3638 iuniore
638 3578 700 3639 filio
725 3580 811 3640 Siros
830 3589 877 3639 est
895 3583 1107 3661 interemptus,
1133 3591 1167 3640 ut
1187 3590 1271 3661 petet
1288 3598 1330 3638 ex
1345 3599 1395 3637 se·

298 3668 405 3748 quenti
427 3683 518 3725 versu
538 3665 609 3730 199.
653 3685 693 3724 ex
706 3675 770 3726 toto
783 3667 868 3724 enirn
880 3663 973 3726 hnins
984 3669 1132 3747 poemffl
1146 3676 1290 3726 contextu
1302 3683 1395 3743 eppe·

298 3761 345 3811 ret
361 3749 437 3812 hsec
452 3751 606 3830 scripsisse
620 3749 755 3811 Pisidum
775 3753 877 3811 stetim
900 3771 937 3811 sc
955 3756 1079 3812 nuntius
1092 3749 1131 3811 de
1143 3750 1235 3812 coede
1247 3747 1394 3810 choinse

298 3836 406 3916 (ipoh’n
422 3837 530 3897 elistm
546 3845 601 3896 est.
644 3838 747 3918 itaque
762 3839 914 3897 sinnnum
928 3839 1183 3918 septuagesimum
1194 3847 1315 3898 sextum
1327 3843 1394 3894 unte

297 3933 427 3984 mortem
447 3921 597 3984 chosroae
618 3933 760 3982 exectum
774 3924 926 4003 inquires,
946 3925 980 3982 in
993 3943 1109 3983 mnnm
1119 3923 1307 3983 dominicum
1319 3921 1393 3979 inti·

295 4003 351 4066 tes
370 4007 447 4082 651,
470 4011 523 4090 qui
544 4010 602 4068 fnit
622 4009 707 4090 regni
730 4007 881 4068 chosroes
899 4012 1026 4070 senioris
1044 4011 1209 4089 vigesimus
1228 4003 1392 4069 semndus:

296 4085 379 4151 huno
393 4093 476 4150 enim
489 4095 573 4152 einnt
585 4097 717 4154 tenuisse
730 4113 859 4176 regnum
874 4098 970 4155 sunos'
986 4094 1040 4160 48.
1083 4104 1114 4154 nt
1132 4095 1244 4155 seniori
1255 4091 1392 4153 successit

296 4173 474 4238 liormisdss
495 4179 546 4236 vei
567 4179 777 4238 Horrnisdsres
801 4179 899 4255 filins,
930 4177 1109 4240 iicsmisdee
1128 4191 1230 4241 sutem
1249 4175 1391 4238 chum

296 4263 411 4338 iunior,
434 4278 563 4344 quorun
572 4263 626 4322 iiie
640 4283 734 4323 mnes
750 4269 805 4339 12,
827 4262 879 4324 hic
893 4284 964 4325 vero
978 4268 1020 4330 68
1033 4285 1174 4346 regnasse
1189 4267 1296 4325 fertur.
1335 4259 1391 4320 hc-

298 4367 366 4408 rum
384 4349 477 4429 igitur
500 4348 593 4408 triton
616 4367 723 4429 regum
743 4347 953 4411 unnimmodo
978 4354 1165 4413 successione
1183 4353 1227 4417 76
1247 4363 1390 4410 snncrnn
1436 4378 1440 4386 ·
1481 4394 1482 4401 1
