3017 4900
417 355 726 430 eustatmus
750 361 939 430 sonum.
1176 363 1223 436 91

124 534 289 604 referrent,
311 527 393 589 nude
410 521 498 595 davi
514 528 565 587 val
582 521 666 592 ὅντιν’
679 526 759 588 dicta
773 540 842 590 sunt
857 527 1004 592 eiusmodi
1020 527 1170 604 aedificis,
1191 539 1227 590 nt

124 619 207 679 illud
224 614 306 698 quod
322 609 427 680 οἰστόν
441 614 573 694 appellat
588 616 667 674 Ioles
681 637 713 696 p·
731 619 810 692 172,
830 636 885 676 seu
900 613 1011 691 τἰἀτον,
1033 619 1078 675 uti
1095 616 1226 696 praefert

20 708 21 711 ’
125 704 221 764 editio
240 705 353 780 Regia,
376 710 406 758 et
421 700 453 758 in
471 699 584 779 palatio
597 703 748 760 exitium
760 711 878 778 narrat3
900 702 980 783 quod
993 699 1069 760 illud
1083 700 1165 760 idem
1180 711 1226 760 est

125 787 211 871 quod
227 799 315 845 antea
327 779 466 847 θολωτδν
480 794 511 842 et
522 789 668 866 vacillas
677 785 837 846 vocabant.
880 807 949 846 cum
968 790 1060 866 igitur
1080 785 1227 866 sphaerae

125 877 261 955 speciem
284 867 506 951 quodammodo
521 868 699 947 exhiberet,
721 869 791 932 ideo
812 873 945 952 σφαίρας
963 875 1085 932 nomine
1101 870 1228 930 donatur

125 980 144 1018 a
166 963 287 1018 Zonara
307 975 369 1014 nou
390 957 501 1032 semel,
523 966 554 1014 et
578 957 664 1016 eliist
685 974 755 1015 nam
783 967 813 1016 at
834 959 957 1018 trullam
973 960 1068 1018 instar
1082 955 1227 1037 sphaeras

122 1045 239 1126 ubique
258 1042 372 1101 sinuati
388 1039 466 1099 dixit
483 1041 671 1100 Silentiarius
685 1062 716 1101 r.
731 1039 793 1106 74:

292 1125 439 1207 ἐγρομένη
455 1118 485 1188 δ’
499 1120 675 1209 ἐφύπερθεν
689 1127 721 1200 ἐς
734 1123 865 1192 ἄπλετον
874 1121 950 1208 ἤδρα
965 1121 1064 1209 πήληξ

292 1207 426 1273 παντοθι
442 1209 499 1316 μὲν
515 1211 685 1294 σφαιρηδὸν
700 1211 863 1290 ἑλίσσεται,
885 1209 936 1277 ola
952 1211 986 1277 di
1002 1205 1134 1298 φαιδρδς

293 1290 423 1379 οδρανδς
435 1295 626 1378 αμφιβέβητι
640 1292 734 1378 δόμον
747 1296 866 1371 σκέπας.

125 1395 218 1465 atqua
239 1377 318 1439 haec
336 1379 460 1462 quidem
480 1380 599 1442 testudo
620 1384 664 1440 ita
683 1383 792 1462 parieti
809 1383 895 1442 tereti
908 1382 1087 1463 imponitur,
1108 1391 1144 1440 ut
1155 1401 1229 1462 pno-

124 1480 194 1549 ptcr
213 1467 299 1526 illius
317 1470 494 1526 tenuitatem
511 1487 573 1526 non
584 1467 688 1528 tirmaa
702 1469 793 1526 inniti
807 1469 937 1528 fabricae
952 1466 1006 1526 sed
1019 1487 1108 1526 aurea
1123 1478 1230 1526 catena

125 1555 164 1613 de
188 1553 273 1612 caelo
289 1551 421 1632 pendere
438 1551 586 1613 rideatur.
627 1554 808 1633 Procopius:
830 1547 939 1616 rodaco
961 1549 994 1615 δὲ
1013 1556 1070 1615 τοῦ
1088 1557 1229 1615 κυκλοτε-

126 1642 204 1720 ροῦς
233 1636 432 1737 παμμερέθης
458 1635 678 1719 δπανεστηκνῖοἱ
701 1661 748 1713 τις
772 1633 968 1720 σφαιροειδής
985 1631 1080 1710 &dioc
1099 1642 1230 1699 ποιεῖται

125 1719 202 1787 aiil
218 1724 425 1802 διαφεροντοις
440 1717 649 1805 ιδπρόσωπον.
692 1724 779 1786 δοκεῖ
788 1720 822 1786 di
837 1715 895 1787 οδκ
909 1721 958 1786 tut
972 1727 1096 1803 στερρᾶς
1112 1725 1166 1800 τῆς
1181 1722 1230 1784 ol-

125 1809 276 1889 τοδομίας
287 1803 339 1870 διδ
352 1805 386 1872 ιδ
397 1807 581 1891 παρειμένον
595 1802 734 1886 ἕστοὶναι,
757 1801 833 1871 silici
845 1812 885 1894 τῇ
898 1811 995 1892 χρυσῇ
1010 1809 1097 1892 σειρᾷ
1112 1811 1150 1892 τῇ
1164 1801 1227 1870 del

125 1899 184 1958 acti
210 1887 349 1972 οιῖρανοῦ
372 1892 541 1974 δξημμὲνον
567 1888 731 1956 καλύπτειν
754 1889 809 1958 cdv
829 1897 939 1974 χαῖρον.
989 1891 1096 1952 eadem
1116 1912 1229 1973 prope-

125 1977 254 2040 modum
272 1977 363 2036 habet
382 1977 421 2037 de
441 1976 663 2059 hemisphaerio
680 1977 764 2038 aedis
780 1979 835 2038 SS.
850 1979 1053 2058 apostolorum
1069 1975 1107 2036 da
1123 1975 1226 2037 Aedis.

129 2070 146 2128 1
168 2063 201 2128 4.
244 2066 278 2122 in
298 2066 439 2122 interiore
459 2061 539 2123 tholi
559 2083 629 2140 seu,
649 2073 685 2123 ut
699 2075 822 2139 vocant,
843 2065 951 2123 trullae
966 2073 1067 2123 centro
1082 2081 1116 2122 ac
1129 2073 1227 2122 tastu-

127 2148 198 2208 dine
211 2151 395 2208 Iustinianna
408 2168 499 2228 opere
511 2153 629 2208 musivo
644 2148 795 2209 Christum
808 2151 840 2208 in
853 2148 933 2208 iride
944 2148 1109 2224 sedentem,
1123 2150 1227 2209 orbem
1243 2147 1267 2202 Ρ
1283 2143 1337 2204 548

127 2233 288 2294 iudicantis
304 2234 414 2313 effigie,
436 2233 565 2294 describi
576 2237 699 2311 curarit,
720 2246 755 2294 ut
772 2229 920 2297 αὐτόπται
935 2245 1096 2308 testantur3
1120 2251 1230 2316 quem-

128 2319 295 2382 admodum
305 2322 338 2378 in
352 2323 455 2380 Novae
469 2321 612 2379 ecclesiae
625 2340 643 2379 a
658 2340 691 2380 sa
703 2323 735 2378 iu
748 2321 860 2399 palatio
876 2321 1023 2378 excitatae
1039 2317 1116 2380 tholi
1133 2329 1230 2378 testu·

129 2405 198 2465 dina
221 2403 336 2465 Christi
360 2415 392 2465 at
417 2407 594 2485 angelorum
614 2408 644 2465 ei
666 2403 940 2465 administrantium
962 2403 1077 2485 efligies
1097 2399 1249 2466 Basilius

126 2490 270 2567 Macedo,
292 2502 327 2550 ut
339 2502 442 2550 auctor
458 2502 503 2552 est
512 2490 638 2551 Photius
652 2493 686 2549 iu
699 2492 781 2550 illius
796 2490 1004 2570 descriptione.
1047 2493 1078 2547 in
1091 2510 1232 2570 suprema

126 2598 213 2654 vero,
238 2587 270 2637 et
291 2596 369 2658 quae
387 2588 473 2635 extra
490 2579 617 2651 eminet,
640 2575 786 2655 Sophieni
800 2574 878 2635 tholi
892 2587 975 2656 perta
991 2580 1122 2656 positum
1136 2577 1231 2638 fnisse

127 2682 249 2724 uocem
264 2682 320 2723 sea
332 2657 543 2745 Σιμνδχριοτον
556 2661 649 2723 tradit
662 2664 851 2724 silentiarius
867 2672 943 2742 pert.
951 2666 980 2809 ὲ2
998 2680 1029 2721 v.
1041 2662 1101 2727 78:

751 2742 791 2809 ἆκ
811 2742 949 2827 occisori

296 2826 427 2910 στανρδν
441 2828 521 2914 tinio
535 2836 674 2915 κοροφῆς
689 2772 878 2912 δροσίπδολιν
890 2834 1001 2913 ἔγραφε
1015 2828 1113 2911 rigon.

211 2912 268 2979 84·
311 2920 494 2976 lmensam
521 2916 735 2997 hemisphaerii
770 2938 805 2977 so
834 2916 1014 2997 stupendam
1038 2914 1230 2977 altitudinem

128 3001 286 3084 praedicat
307 2999 357 3062 his
378 3004 478 3063 verbis
502 3006 668 3083 Euagrius:
699 2993 796 3078 θδλος
823 3001 903 3067 ἐστὶν
929 3000 1030 3065 ticio
1055 2995 1231 3081 ἆνακτόρων

130 3083 219 3167 eade,
241 3086 376 3177 sinopes
394 3091 625 3170 μετεωριζομένη
640 3090 782 3167 paucio,
804 3087 835 3162 lc
852 3090 998 3151 τοσοῦτον
1011 3080 1096 3165 δψος
1108 3084 1230 3166 ἐπαιρο-

130 3173 206 3254 μένη
220 3170 263 3247 ιδς
275 3171 382 3255 ἔνερθε
393 3170 448 3253 μὲν
460 3180 523 3248 τοῖς
535 3170 702 3250 αἐινίζονσε
718 3170 900 3252 δυσέφικτον
916 3166 993 3233 εἶναι
1008 3174 1065 3233 τοῦ
1079 3168 1231 3250 ἦμισφαε·

130 3260 199 3339 ρίαν
215 3251 466 3339 inmodicas,
494 3254 614 3341 ὕπερθε
634 3255 669 3321 di
689 3254 762 3333 εοδς
784 3255 962 3340 γινομένους
980 3256 1105 3338 μηδαμῆ
1123 3260 1231 3337 πειρᾶ-

132 3351 220 3420 σθαι,
241 3343 272 3405 εδ
290 3341 343 3405 sal
365 3340 445 3424 pila
462 3340 610 3425 τολμητής
630 3368 677 3420 τις
698 3344 763 3423 εἴη,
784 3338 971 3406 duossimus
989 3342 1042 3404 sal
1063 3341 1093 3416 ἐς
1105 3338 1157 3404 τδν
1170 3364 1230 3403 πο-

132 3427 230 3508 θμδνα
251 3420 308 3501 atie
332 3424 422 3506 ὄψεις
437 3430 656 3510 παραπέμπειν.
700 3448 769 3488 eam
785 3438 885 3487 autem
904 3426 1093 3486 altitudinem
1111 3428 1230 3506 apari-

134 3524 233 3573 mento
260 3510 302 3571 ad
328 3524 463 3574 caunum
482 3512 696 3595 hemisphaerii
717 3534 772 3574 seu
793 3512 870 3573 tholi
893 3512 1026 3571 mediam
1046 3511 1230 3571 testudinem

136 3618 197 3657 ease
211 3595 333 3679 pedum
356 3604 418 3665 180
438 3598 531 3659 tradit
542 3598 625 3659 idem
642 3602 785 3681 scriptor:
805 3596 839 3662 εδ
853 3596 886 3662 δὲ
898 3595 1001 3681 βοὶθος
1016 3591 1076 3660 dal
1088 3600 1144 3660 τοῦ
1159 3597 1231 3659 κέν-

137 3704 203 3761 τρου
222 3688 281 3748 τοῦ
297 3682 501 3768 ἡμισφαιρίου
515 3684 616 3767 μέχρις
627 3682 762 3765 δδᾶφοος
774 3686 881 3749 ποδοδν
900 3677 956 3765 ρκ’.
998 3702 1098 3763 nequa
1111 3682 1231 3742 dissen-

137 3770 170 3826 tit
183 3773 311 3829 loannes
324 3772 451 3831 Gratias
464 3773 597 3851 Anglua‚
619 3774 685 3851 ipse
697 3765 865 3851 αὐτόπτης,
886 3772 917 3828 in
932 3769 1117 3848 praefatione
1131 3768 1169 3826 ad
1182 3778 1231 3826 la-

136 3852 217 3913 bulas
230 3854 446 3935 geographicas
457 3854 689 3917 Hassis-liddini
701 3858 828 3931 Persae,
851 3855 982 3915 scribens
1000 3856 1148 3933 accepisse
1164 3872 1197 3913 se
1211 3870 1231 3911 a

137 3938 240 3998 Turcis
272 3940 358 4021 Ulog
380 3942 514 4021 Baigum
520 3985 534 4015 ,
565 3953 684 4021 praeter
712 3944 773 4001 alia
798 3944 996 3999 instrumenta
1019 3936 1231 3998 mathematica

139 4027 344 4101 exacfimima,
365 4045 444 4107 quae
464 4038 638 4107 paraverat,
660 4028 861 4107 quadrantem
874 4023 1038 4104 stupendae
1053 4024 1143 4084 molis
1158 4044 1232 4083 con-

140 4112 296 4186 struxisse,
319 4112 404 4170 cuius
416 4114 522 4171 radica
532 4112 723 4173 altitudinem
737 4114 849 4172 summi
863 4112 985 4171 fornicis
1000 4110 1107 4190 templi
1124 4110 1157 4170 S.
1173 4111 1233 4169 So-

142 4190 224 4271 phiae
240 4194 440 4277 adaequaret:
458 4218 537 4278 quaa
549 4201 617 4270 atei,
636 4200 750 4280 inquit,
773 4198 857 4256 dictu
869 4194 1061 4263 incredibilia
1083 4194 1174 4275 (nam
1190 4204 1235 4250 ιε-

143 4279 222 4338 studo
234 4279 445 4361 hemisphaerii
460 4294 579 4342 canuam
591 4287 742 4364 actogr'ssta
748 4284 842 4361 pedes
856 4282 1010 4341 Romatioo
1025 4279 1165 4359 superat)
1187 4278 1237 4335 illi

143 4371 235 4423 ενοιεπ
251 4368 436 4446 Parsaafids
448 4368 557 4450 digitos
570 4370 646 4431 haee
658 4370 762 4429 eadem
778 4378 937 4429 aaronica
950 4368 1070 4447 saepius
1084 4364 1236 4425 αιιᾶδνιὲιιε
