3017 4900
248 289 323 369 104
683 290 745 357 DU
769 286 913 356 cluat]

249 472 339 542 atque
358 461 432 519 istos
453 455 577 539 quidem
601 454 727 515 circulos
741 471 866 511 coronas
879 445 1033 510 interdum
1044 460 1154 512 vocent
1170 451 1240 511 sevi
1256 449 1354 511 medii

249 551 408 627 scriptores
421 546 537 618 batilei,
566 552 600 599 ut
621 552 723 599 auctor
741 543 823 597 vitae
837 539 871 597 S.
886 533 1037 596 Desiderii
1052 538 1118 596 loco
1132 539 1271 617 proxime
1282 539 1355 597 lau·-

250 632 338 707 deto,
363 631 540 688 Anastasius
555 627 629 685 bibl.
644 630 677 685 in
694 626 726 685 S.
740 626 884 685 Silvesttn
898 633 928 681 et
938 622 1027 680 Sixto
1042 626 1062 685 8
1076 624 1142 699 ΡΙ),
1165 622 1354 682 flodoardus

248 722 328 777 Hist.
340 718 515 777 Remens.3
538 711 558 776 5
580 723 610 770 et
631 710 651 775 4
676 710 733 784 13,
762 710 922 767 Ratbertus
942 705 980 765 ds
996 708 1122 765 Casibus
1135 710 1169 767 S.
1185 710 1267 767 Galli
1280 730 1307 767 c.
1322 709 1355 783 9,

249 808 298 863 Iso
316 804 461 880 magister
484 796 521 856 de
539 798 693 855 Miraoulis
713 796 746 854 S.
767 796 848 853 Gelli
871 814 897 851 c.
921 795 961 868 8,
993 790 1150 853 Udalricus
1164 796 1196 851 in
1211 796 1354 853 Consuet.

249 890 384 949 Cluniae.
403 887 421 949 1
446 886 502 958 11,
523 885 630 941 Petrus
646 882 795 941 Venerab.
809 885 843 937 in
855 880 965 939 Statut.
983 879 1071 936 (ilua.
1087 898 1113 937 ο.
1126 881 1184 954 52,
1205 878 1355 957 Aegidius

249 978 369 1033 Aureae
387 970 475 1029 vallis
492 988 517 1026 o.
534 968 586 1044 53,
608 970 675 1027 Vita
690 970 726 1024 B.
741 967 862 1025 loannis
877 966 1048 1023 Gorziensis
1059 965 1169 1024 Abbat.
1182 986 1208 1023 c.
1219 968 1259 1030 10
1271 986 1302 1023 ιι.
1312 967 1356 1028 90

251 1070 308 1119 etc.
351 1058 384 1115 S.
398 1051 568 1114 Bernardus
584 1065 665 1111 rotas
679 1049 876 1131 appellandas
889 1051 988 1128 potius
1004 1052 1135 1124 censuit,
1156 1050 1210 1109 lib.
1231 1048 1269 1107 de
1284 1053 1357 1110 Vita

251 1156 282 1205 et
293 1142 427 1202 moribus
442 1141 618 1197 clericorum
630 1159 656 1196 c.
668 1140 726 1199 11:
744 1146 902 1215 portantes
918 1137 951 1192 in
965 1134 1088 1193 ecclesia
1099 1147 1284 1215 gemmatae,
1293 1156 1357 1193 noa

251 1248 390 1297 coronae,
404 1225 458 1283 red
469 1235 565 1293 rotae,
583 1226 798 1299 circumseptae
812 1219 1019 1299 lampadibus,
1034 1220 1160 1279 sednon
1174 1224 1274 1280 adnue
1280 1221 1358 1301 sul-

247 1324 353 1395 gentes
363 1311 481 1375 insertis
497 1308 661 1388 lapidibus.
684 1306 739 1367 sed
752 1309 929 1388 praesertim
942 1308 1102 1365 instructas
1114 1304 1264 1365 eiusmodi
1275 1308 1358 1365 lam-

250 1392 387 1480 pudibus¹
402 1414 524 1455 coronas
544 1394 649 1472 phara
664 1395 819 1473 appellant
833 1394 896 1451 alii.
939 1393 1002 1451 Leo
1015 1393 1078 1451 0st.
1093 1390 1203 1452 Chaon.
1218 1392 1319 1451 Casin-
1335 1396 1357 1456 S

251 1489 291 1549 81
303 1502 311 1542 :
333 1483 416 1563 fecit
436 1491 464 1537 et
469 1480 620 1558 pharam,
642 1499 784 1537 coronam
797 1478 910 1536 sedicet
922 1478 1088 1535 mactatam
1101 1488 1276 1557 argenteam
1286 1497 1358 1536 cessa

252 1603 294 1615 ·-
309 1588 360 1627 sec
379 1577 407 1625 et
426 1567 553 1645 triginta
573 1563 769 1643 letmpadibuc
785 1584 821 1621 ec
832 1584 868 1621 ea
875 1561 1087 1641 pendentibus.
1131 1567 1175 1622 ita
1187 1566 1358 1641 promiscue

251 1652 334 1733 apud
348 1651 538 1712 Valsfridum
553 1651 734 1710 Strabonem
749 1648 787 1708 de
798 1651 902 1707 Mirac.
920 1650 953 1708 S.
972 1649 1054 1706 Galli
1069 1650 1091 1710 2
1113 1648 1164 1724 35,
1185 1648 1302 1708 Bedsm
1318 1646 1358 1707 dc

252 1742 321 1798 nat.
336 1749 465 1816 tempor.
480 1756 506 1793 ο.
521 1734 572 1810 24,
598 1738 631 1793 in
644 1738 721 1793 Hist.
737 1736 874 1793 translat.
889 1734 922 1796 S.
935 1734 1105 1793 sebastiani
1121 1753 1153 1791 n.
1169 1733 1228 1809 94⁸,
1249 1738 1281 1793 in
1295 1737 1360 1793 vita

145 1824 168 1879 P
186 1823 238 1881 5⁵8
255 1823 384 1883 Gudilee
397 1824 479 1899 Virg.
494 1841 526 1877 n.
547 1824 596 1883 18.
616 1832 771 1899 praeterea
784 1818 867 1899 apud
876 1822 1070 1878 Anastasium
1082 1838 1144 1879 non
1154 1822 1259 1895 semel,
1277 1818 1361 1899 apud

254 1930 346 1991 quem
363 1910 396 1966 in
415 1907 447 1965 S.
468 1906 612 1964 Silvestro
631 1905 733 1983 phara
754 1905 904 1963 canthara
927 1903 1067 1963 dicuntur
1089 1924 1144 1963 eac
1167 1908 1361 1984 potissimum

207 2000 212 2009 '
254 2012 400 2067 coronae,
424 2010 501 2071 quae
518 1990 708 2069 lampadibus
722 2001 752 2047 et
767 1989 857 2049 discis
869 1993 1031 2049 instructae
1046 2000 1145 2064 erant,
1164 2009 1240 2070 quas
1254 2014 1361 2070 φωτοι-

256 2075 331 2159 ὂόχα
345 2074 447 2159 α’γγεῖα
461 2086 548 2133 vocat
562 2077 662 2135 Duces
679 2096 704 2133 ο.
717 2076 771 2138 29.
801 2074 933 2156 denique
947 2078 1023 2135 alios
1037 2073 1224 2156 lychnuchos
1240 2080 1272 2135 iu
1289 2097 1362 2137 mo-

257 2164 330 2225 dum
344 2165 439 2222 crucis
452 2161 567 2220 effictos
579 2160 724 2241 appendit
735 2164 930 2221 lustinisnus.
973 2162 1163 2220 Silentiarius
1178 2181 1209 2222 t.
1226 2163 1306 2229 417:

420 2246 473 2311 secl
487 2243 617 2329 μεγάλου
632 2254 773 2328 σταυροῑο
789 2240 887 2310 τόπον
899 2240 1049 2310 scoticae
1061 2242 1194 2327 νοήσεις,

421 2334 541 2417 γείτονα
556 2330 611 2413 μὲν
627 2334 753 2407 dionaeo,
773 2326 989 2413 πολυτρήτοισι
1004 2329 1037 2395 dl
1052 2328 1161 2406 scitote

422 2415 513 2502 ἄγγος
529 2418 724 2500 dicacitates
741 2414 936 2500 oelooodoov.

258 2501 340 2562 hunc
362 2523 451 2584 porro
472 2508 563 2563 ritum
584 2525 686 2564 cruces
706 2506 871 2564 luminibus
886 2501 1053 2563 exornandi
1066 2514 1163 2562 aetate
1179 2503 1213 2563 S.
1228 2500 1364 2582 Chryso-

259 2592 359 2663 stomi,
382 2593 465 2648 cuius
482 2601 584 2649 auctor
596 2588 781 2670 perhibetur,
803 2591 967 2650 obtinuisse
978 2601 1099 2648 narrant
1114 2591 1251 2650 Socrates
1263 2599 1293 2647 et
1304 2591 1365 2648 Ni·

259 2673 406 2754 cephorus
421 2677 496 2734 Call.
521 2686 550 2733 et
569 2679 601 2733 in
619 2676 808 2755 processibus
827 2677 956 2754 publicis
971 2676 1179 2735 ecclesiasticis
1195 2675 1363 2754 praelatas:
1449 2699 1455 2727 ι

260 2760 384 2838 σταυροὶ
400 2754 543 2840 α’ργύρεοι
564 2765 665 2840 κηρῶν
679 2755 730 2824 ἐντ’
751 2755 856 2832 αὐτοῖς
870 2753 1052 2839 ἐνημμένον
1064 2767 1263 2842 προηγοῦντο.
1304 2780 1365 2818 110⁰

261 2843 369 2904 desunt
386 2849 439 2925 qui
456 2865 574 2904 crucem
592 2865 680 2924 supra
697 2846 857 2904 ambonem
875 2856 1005 2904 stantem
1024 2847 1155 2906 lucernis
1172 2844 1365 2925 lampadibus

261 2951 296 2989 ac
306 2931 471 2990 luminibus
485 2929 610 3010 perinde
623 2933 792 3010 fulgurasse
804 2951 845 2990 ex
858 2929 974 2991 Codino
989 2932 1165 2992 observant:
1188 2926 1247 3011 εἶχε
1263 2929 1296 2997 δὲ
1309 2930 1366 2994 nst

261 3013 355 3096 ccxvii
372 3013 547 3096 λυχνιτοῖριοι
561 3015 612 3077 sol
626 3013 845 3099 μοιργοιριτάριοι
859 3010 998 3079 tettae.
1029 3016 1127 3076 sedet
1142 3017 1224 3098 apud
1239 3017 1365 3076 Latinos

260 3099 342 3160 hunc
354 3103 517 3163 invaluime
535 3105 625 3161 ritum
642 3101 729 3162 docet
744 3105 919 3162 Anastasius
933 3105 966 3160 in
982 3103 1014 3162 S.
1029 3101 1183 3162 Hadriano
1199 3106 1267 3161 1²1³:
1280 3103 1366 3181 fecit

261 3199 291 3244 et
298 3187 435 3265 pharam
449 3191 591 3247 maiorem
610 3191 643 3246 in
664 3189 768 3247 eadem
780 3189 823 3246 B.
840 3190 926 3247 Petri
940 3187 1063 3245 ecclesia
1083 3191 1116 3246 ia
1132 3199 1237 3267 typum
1252 3189 1366 3260 crucis,

263 3275 319 3351 qui
330 3275 443 3350 pendet
456 3284 527 3332 ante
535 3273 770 3352 presbyterium,
797 3272 955 3331 habenam
973 3273 1117 3332 cmsdelae
1131 3278 1228 3346 1370,
1249 3284 1277 3330 et
1292 3294 1369 3330 cori-

262 3359 361 3414 stitait
380 3369 414 3414 at
434 3369 577 3437 quattuor
597 3359 716 3418 vicibus
735 3363 769 3416 in
790 3380 871 3417 anuo
883 3361 947 3438 ipse
957 3357 1078 3436 pharue
1092 3360 1285 3418 accmdaaa.
1330 3360 1368 3416 in

263 3444 365 3500 Leone
381 3462 436 3500 111:
457 3444 538 3521 fecit
551 3464 668 3502 onmem
680 3443 892 3523 anaglypham
905 3445 1113 3518 murcatikm,
1134 3466 1170 3502 ex
1181 3465 1257 3504 aum
1273 3465 1368 3501 mua-

264 3527 399 3597 dieeimo,
410 3529 587 3606 pendentem
598 3530 632 3586 in
641 3529 775 3609 pergula
787 3541 858 3588 ante
870 3530 967 3588 altare
981 3552 1051 3588 cum
1062 3530 1198 3590 candelis
1210 3530 1370 3589 duodecim

258 3631 347 3692 pene.
366 3612 419 3670 lib.
439 3615 489 3676 13.
534 3613 681 3672 eiusmodi
696 3617 789 3674 etism
803 3635 906 3675 cruces
920 3617 1087 3676 luminosas
1097 3617 1250 3676 intellexit
1262 3615 1370 3675 Silen-

264 3699 369 3757 tiarius
385 3719 414 3756 v.
427 3701 485 3762 481
497 3743 505 3772 ‚
529 3695 602 3756 dum
615 3702 658 3758 sit
670 3701 770 3774 alium
780 3711 914 3760 mentem
930 3702 1079 3761 oblectare
1091 3701 1237 3760 intuendo
1251 3697 1371 3780 σύμβο-

264 3787 318 3844 λον
331 3779 477 3860 ον’ρανίον
492 3787 644 3866 Χριστοῖο.
679 3796 749 3844 aunt
764 3789 847 3844 euim
862 3807 915 3846 eae
928 3787 1068 3846 lucernae
1083 3807 1159 3868 ques
1171 3790 1262 3868 signa
1278 3785 1372 3846 Chri-

264 3870 305 3926 eti
324 3871 456 3948 appellat
468 3871 644 3929 Anastasius
666 3872 698 3928 in
712 3873 814 3931 Leone
831 3891 886 3930 111:
912 3872 995 3952 fecit
1011 3877 1045 3931 ia
1066 3872 1193 3932 basileca
1215 3873 1257 3930 B.
1280 3873 1373 3930 Petri

265 3953 462 4030 Apostoli-
474 3953 628 4034 gabathas
646 3955 802 4035 fundatae
821 3959 1055 4037 sr'grwolvirtas,
1089 3979 1168 4038 quae
1183 3957 1319 4036 pandent
1334 3959 1372 4016 in

266 4039 505 4117 quadriporticu,
527 4042 560 4098 in
569 4040 670 4119 pharo
681 4063 766 4100 aereo
780 4044 813 4100 in
826 4043 923 4103 meda
933 4044 1105 4116 Basilicas,
1126 4064 1249 4103 manem
1261 4040 1314 4106 48.
1337 4053 1372 4102 et

266 4125 298 4180 in
314 4125 456 4203 GregorIo
476 4143 529 4184 sve
552 4129 674 4206 segetium
688 4127 800 4192 Otrtsti
810 4127 903 4186 habet
914 4129 1081 4188 navicella
1093 4129 1173 4188 duas
1185 4139 1213 4188 et
1226 4148 1372 4187 murenas

267 4219 335 4269 tres.
379 4211 476 4268 iusta:
499 4213 621 4290 signam
641 4211 754 4272 Cimeti
767 4214 947 4291 pendentem
966 4217 1000 4274 in
1019 4215 1168 4274 catenuhe
1195 4214 1300 4274 tritae
1325 4247 1373 4262 -

266 4297 387 4374 signam
412 4295 525 4356 Christi
552 4295 642 4356 babet
668 4297 826 4360 tauram
843 4302 879 4360 io
897 4300 1021 4361 πιοᾶινιι
1043 4301 1137 4361 honis
1156 4301 1372 4382 incapiliatam
