3017 4900
271 309 341 381 128
711 307 923 390 QUERGIUS

267 477 369 552 tticus,
389 471 638 555 Theopbylaotus
652 473 827 551 simocatta,
849 477 977 557 aliique,
999 485 1128 555 quorum
1145 493 1236 553 opera
1252 483 1306 533 aut
1319 476 1384 532 in-

266 574 350 642 tegra
367 571 419 620 aut
432 562 570 618 mutilata
583 564 771 639 reperiuntur
788 563 821 619 in
833 581 953 640 corpora
963 561 1048 618 Ηὶιι.
1064 561 1265 638 Byzantime.

351 643 402 717 49.
447 647 582 705 Abarum
598 647 713 723 origine
736 656 767 705 et
781 647 932 704 bellorum
953 663 1041 704 causa
1058 648 1138 703 inter
1154 645 1315 720 barbaros,
1343 657 1382 704 et

265 733 416 790 Romanos
433 729 582 806 indicata,
621 749 698 811 qnae
716 733 798 790 mala
816 733 930 791 Abares
949 733 1010 810 ipsi
1030 723 1168 789 Heraclio
1190 733 1283 809 imp,
1316 735 1381 812 qui

266 814 385 874 Phocae
401 819 554 889 successit,
578 821 826 896 comparaverint,
851 836 988 876 enarrare
1005 814 1189 894 aggreditur.

352 900 404 965 60
448 899 582 960 Phocarn
602 919 782 984 quocunque
804 903 1003 962 contumeliae
1022 911 1051 959 et
1066 901 1245 981 probrorum
1258 918 1382 978 genere

160 1005 162 1014 ¹
267 984 534 1066 affectannpassim
547 989 727 1048 inveniesin
740 989 934 1068 scriptoribus
947 989 1132 1094 Byzantinis.
1163 983 1378 1065 Theophanes

262 1069 381 1149 p.242
398 1071 475 1130 de
449 1091 513 1175 erus
527 1072 710 1133 electione
687 1095 730 1133 aro
746 1077 805 1132 ait:
831 1069 1046 1156 dvoyopatietus
1061 1065 1096 1134 td
1112 1067 1220 1143 κακόν,
1240 1066 1354 1133 xui'
1308 1094 1377 1132 κυ-

267 1177 333 1238 paor
347 1161 407 1218 cciv
420 1152 581 1239 σκήπτρων
596 1155 616 1222 o
615 1153 781 1261 ’τύραννος
793 1159 1026 1264 προχειριζειαι,
1052 1154 1105 1219 καὶ
1119 1161 1225 1237 κρατεῖ
1240 1158 1296 1234 τῆς
1314 1151 1376 1218 ui-

267 1242 426 1320 δαιμονίας
442 1239 465 1348 ἦ
480 1239 641 1343 συμφορά,
669 1245 720 1306 καὶ
735 1239 884 1324 λαμβάνει
903 1239 961 1323 τήν
981 1242 1101 1322 inopias
1122 1265 1160 1304 ια
1152 1236 1289 1322 perdia
1306 1264 1376 1302 των

265 1323 424 1406 ‘Pacatum
439 1321 621 1408 ιιιιιχήμιιτα.
663 1327 735 1388 hinc
748 1327 853 1388 Pisida
871 1348 943 1388 etun
955 1326 1077 1408 Hydrae
1092 1335 1254 1406 comparat.
1296 1325 1375 1385 vide

266 1411 447 1471 Heruelr'ad.
463 1412 594 1471 Acmae.
609 1414 665 1478 25
683 1425 711 1473 et
723 1435 795 1494 seqq

352 1495 405 1562 64
449 1499 524 1558 alios
540 1508 608 1578 post
624 1500 699 1560 alios
715 1497 804 1576 dicit,
825 1507 967 1579 utputo,
988 1519 1055 1558 esse
1069 1496 1370 1577 generatosAbaras‚

266 1592 300 1643 ut
313 1600 469 1664 nmrqnam
486 1581 629 1642 defecerit
644 1545 840 1644 barbarordm
852 1588 944 1660 natio,
966 1582 1043 1642 sed
1033 1603 1066 1641 ιιι
1081 1583 1284 1642 Romanorum
1295 1600 1373 1660 per-

266 1669 378 1727 niciem
392 1689 513 1748 semper
526 1674 702 1730 excreverit.
746 1688 787 1729 ex
803 1667 907 1728 icbore
922 1680 1024 1728 autem
1037 1688 1089 1729 eos
1101 1676 1188 1726 natos
1202 1665 1281 1741 dicit,
1295 1675 1373 1723 tan-

266 1771 359 1834 quam
371 1756 633 1813 utt‘ilissimumnr
612 1773 707 1833 genus
724 1753 871 1813 barbicat.
898 1750 972 1836 ἰχιδρ
987 1757 1069 1814 anim
1084 1755 1222 1834 quamvis
1236 1755 1370 1810 Homero
1494 1772 1495 1785 .

268 1837 361 1897 suad
379 1836 477 1903 5840
490 1841 529 1898 sit
545 1844 684 1918 sanguis,
706 1835 773 1915 οἶός
789 1838 846 1920 πέρ
861 1833 1164 1920 ιιρέειμακᾶρρεσσι
1177 1842 1313 1913 θεοῖσιν,
1334 1847 1371 1895 at

267 1921 393 1983 medicis
407 1932 452 1981 est
465 1921 591 2003 qnidam
602 1929 727 1986 vitiosus
738 1923 858 1999 humor,
875 1934 906 1982 at
916 1935 950 1994 nt
960 1927 1125 2004 plurimum
1137 1942 1195 2003 pus
1208 1933 1239 1980 et
1252 1924 1368 1997 sanies,
1494 1932 1495 2001 ζ

267 2006 350 2089 qnod
360 2017 442 2086 patet
453 2027 494 2066 ex
510 2009 623 2068 Galercc'
636 2012 798 2069 Comment.
813 2009 969 2068 secundo
955 2031 988 2068 cn
1000 2009 1086 2074 leuc
1099 2009 1239 2086 Epiderrs.
1248 2027 1282 2086 p.
1292 2007 1368 2082 424,

267 2097 321 2173 qui
341 2095 530 2171 Hippocratis
551 2113 621 2152 cum
640 2097 775 2155 Platonis
800 2097 949 2154 sententia
970 2098 1049 2154 circa
1072 2091 1182 2153 icboris
1201 2095 1368 2170 malignam
1494 2122 1495 2131 ι

268 2179 445 2259 qualitatem
468 2181 616 2238 conciliat.
659 2182 752 2260 igitur
766 2178 869 2239 Pisida
888 2181 1002 2240 Abares
1025 2201 1067 2239 ex
1088 2182 1173 2239 sanie
1197 2189 1229 2237 et
1248 2177 1368 2237 tabifico
1494 2232 1495 2249 ,

268 2262 400 2344 quodam
413 2261 539 2324 humore
553 2277 708 2344 generatos
721 2267 809 2342 facit,
841 2275 876 2325 nt
895 2265 971 2348 quid
987 2265 1132 2346 pestilens
1152 2274 1183 2324 et
1195 2262 1368 2323 morbidmn
1494 2262 1495 2281 ¹

268 2369 319 2408 eos
332 2367 397 2408 esse
414 2347 608 2410 demonstret.

352 2437 405 2500 57.
447 2436 549 2497 nullus
570 2458 610 2497 ex
631 2435 824 2517 scriptoribus
845 2435 1019 2517 Byzantinis
1038 2431 1178 2517 ,prodidit
1202 2435 1367 2494 memoriae
1494 2412 1495 2417 ἵ

267 2521 441 2580 Heraclium
455 2525 575 2602 saepius
589 2534 690 2582 contra
703 2524 818 2581 Abares
828 2540 996 2601 pugnasse:
1019 2540 1124 2581 omnes
1143 2524 1226 2579 enim
1234 2522 1282 2579 bis
1295 2531 1369 2578 tan·

266 2616 333 2664 tum
357 2626 392 2665 eo
415 2610 581 2686 ἰιιιροιιιιιι
603 2608 746 2666 barbaros
774 2607 880 2665 urbem
903 2608 1022 2687 cpolim
1043 2605 1186 2666 invadere
1209 2624 1368 2685 aggressos

267 2710 334 2749 esse
353 2690 558 2767 tradiderunt3
590 2690 628 2749 da
651 2709 710 2773 quo
726 2693 848 2770 gemino
862 2691 944 2751 bello
959 2696 1021 2771 agit
1035 2695 1128 2750 etiam
1139 2689 1243 2750 Pisida
1258 2694 1291 2749 in
1308 2690 1369 2749 boc

267 2782 416 2855 poemate.
458 2794 565 2835 rerum
585 2778 649 2835 iam
670 2785 759 2834 antea
774 2778 949 2835 Heraclium
967 2778 1122 2837 multoties
1144 2796 1215 2835 cum
1232 2775 1369 2835 barbaris

270 2858 427 2921 dirnioasse
443 2880 554 2943 eosque
568 2862 695 2942 fregisse
708 2880 764 2921 nos
776 2859 829 2920 bic
842 2860 984 2922 admonet
992 2861 1107 2923 Pisida.

354 2951 406 3015 69.
450 2966 599 3009 summam
612 2966 712 3007 rerum
725 2948 941 3023 confusionem,
962 2952 1071 3031 inqua
1082 2958 1155 3005 tunc
1167 2956 1231 3005 erat
1243 2966 1292 3006 res
1303 2949 1369 3005 llo-
1416 2992 1429 3007 .

268 3052 375 3110 mana,
406 3034 536 3094 breviter
552 3031 703 3092 describit.
744 3032 818 3092 hino
832 3036 915 3092 enim
926 3034 1061 3107 barbari,
1086 3030 1159 3091 inde
1173 3035 1283 3091 Persae
1301 3034 1368 3089 cla-

269 3118 340 3178 dem
355 3130 385 3178 et
402 3120 530 3179 exitium
546 3120 690 3179 Romanis
702 3120 905 3177 minabantur.
948 3128 1010 3177 tota
1024 3128 1127 3176 antem
1140 3120 1244 3177 civitas
1257 3118 1366 3175 facfio-
1494 3117 1495 3140 ¹

268 3225 344 3263 num
355 3204 461 3265 studiis
476 3204 590 3280 divisa,
622 3222 699 3285 quae
719 3206 867 3263 scelemm
888 3214 1040 3263 auctorem
1055 3214 1086 3261 et
1101 3202 1211 3261 ducam
1221 3200 1367 3261 babuerat
1494 3197 1495 3220 ¹

268 3287 419 3365 Phocum,
448 3288 561 3349 mutuis
583 3287 725 3348 caedibus
747 3300 778 3347 et
796 3290 918 3368 flagitiis
937 3289 1073 3348 vacabat.
1117 3310 1148 3350 os
1139 3285 1223 3366 μὲν
1237 3286 1366 3365 Πέρσαι,
1494 3323 1495 3370 ᾗ

270 3374 312 3431 ait
325 3372 528 3454 Theophanes
537 3396 573 3451 p
590 3374 663 3449 248,
685 3372 741 3448 ἔξω
754 3377 810 3478 τῆς
822 3334 934 3448 πόλεως
947 3369 1038 3457 iwp‘
1018 3396 1135 3436 αινουν
1144 3371 1326 3452 Ῥωμαίιις,
1348 3370 1368 3436 d

270 3454 304 3520 di
320 3460 429 3533 Φωιᾱς
445 3458 534 3522 ἔνδον
547 3482 584 3519 ια
576 3418 771 3537 zaidovo'
730 3466 834 3533 αυτοῖς
848 3458 943 3523 ἐποίει
959 3453 1103 3538 φονεύων
1122 3457 1175 3520 καὶ
1190 3458 1368 3537 αἰχμαλιιιί-

270 3544 340 3617 ξων
383 3554 414 3601 at
426 3540 529 3602 Pisida
543 3539 662 3600 ridetur
673 3541 808 3601 indicare
825 3546 998 3624 cpolitanos
1020 3563 1090 3602 cum
1106 3543 1242 3602 barbaris
1259 3543 1368 3604 amici-

269 3630 330 3687 tiae
357 3626 408 3687 rel
436 3628 699 3707 consanguinitatis
726 3629 845 3708 legibus
869 3628 963 3689 titisse
985 3631 1158 3689 coniunctos
1183 3639 1272 3711 atqua
1294 3648 1368 3707 per-
1494 3667 1495 3738 p

267 3719 391 3775 mixtos.
1494 3755 1495 3788 ³

354 3804 405 3867 61.
449 3794 487 3857 de
504 3797 684 3858 factionibus
702 3800 816 3859 Veneta
838 3812 868 3858 et
888 3802 1027 3874 Prasina,
1058 3797 1098 3857 ad
1118 3818 1193 3880 quas
1212 3796 1264 3857 bic
1286 3807 1366 3855 certa
1494 3801 1495 3804 ’

270 3883 378 3945 alludit
391 3890 489 3965 poeta,
505 3884 578 3942 abbr
587 3886 642 3942 erat
654 3888 849 3963 opportunior
859 3877 1083 3944 tocustncentr
1104 3884 1175 3945 rada
1182 3883 1363 3942 Heroolcod

269 3968 397 4029 Acroce
414 3968 493 4035 234
506 3980 628 4049 etaaqq.

354 4056 404 4119 63.
449 4074 518 4112 cum
532 4076 573 4113 ex
588 4056 840 4135 amplissimorum
854 4066 933 4115 statu
948 4052 1115 4115 concidisse
1129 4074 1164 4114 ac
1175 4064 1221 4114 tot
1231 4056 1367 4114 externis

270 4150 301 4197 et
324 4138 472 4198 intestinis
494 4139 606 4198 morbis
633 4141 771 4199 laborare
794 4143 961 4199 Romanam
985 4160 1050 4199 rem
1073 4140 1226 4220 publicam
1246 4141 1368 4200 barbari

271 4226 489 4305 cognovissent,
506 4221 543 4281 de
559 4242 596 4282 ea
609 4222 762 4303 perdenda
774 4228 950 4307 cogitanrnt.

353 4313 404 4375 67.
447 4306 517 4370 tide
538 4330 632 4389 snpra
648 4330 679 4369 ν.
699 4314 748 4376 16.
