3017 4900
272 495 412 576 respicit,
442 491 549 554 dextra
571 494 739 574 nuncupari
761 492 1022 574 videturNicetee
1042 489 1232 573 Paphlagoni
1256 494 1290 552 in
1307 493 1373 554 vita

271 584 382 660 Ignatii
401 578 586 660 patriarchae
608 581 674 654 cP,
695 599 755 662 quo
774 581 841 640 loco
854 589 954 638 narrat
967 580 1118 638 somnium
1130 577 1247 640 Bardae
1260 580 1373 640 Gaesa-

273 670 332 727 ris:
355 665 407 728 noi
427 663 474 729 ira
497 667 626 746 πλησίον
643 657 722 746 ἧμιν
734 669 793 728 τοῦ
805 661 967 746 ἄμβωνας,
981 660 1133 743 ὤφθησαν
1149 659 1249 746 ὥσπερ
1262 667 1372 746 sonde-

276 324 350 402 ιιι
387 362 391 376 ·
710 327 773 396 no
796 325 937 402 omen
1144 281 1147 286 ’

269 745 426 832 κουλαῖριοι
445 745 503 815 δύο
521 745 670 832 ἆκότομοι
684 749 736 812 καὶ
751 751 925 833 ἐμβριθεῖς,
947 741 991 812 οἷν
1007 747 1026 812 d
1041 745 1096 830 μὲν
1111 747 1232 830 δέσμιον
1245 746 1298 814 ro'v
1312 751 1371 832 βσ-

269 836 353 900 σιλέα
370 833 473 917 lodoin
486 834 539 900 sai
552 835 603 899 tat
615 833 652 898 ed
666 831 748 912 δεξιοὶ
763 830 940 918 κατασύροον
954 834 1096 910 liudrico
1107 838 1161 913 τῆς
1174 833 1294 911 collar,
1316 859 1371 898 κα-

268 923 420 1003 τακρίνωα
437 917 672 996 οἱςῦπειίθααοα
687 932 744 987 etc.
778 919 1026 984 cedrenusidem
1042 923 1194 979 somnium
1209 939 1369 982 enarrans:
1489 953 1490 976 r

270 1007 380 1082 οἵτινες
398 1006 578 1089 ὁδηγοῦντες
602 1003 698 1071 ariade
722 1002 830 1088 dyonea
852 1003 927 1089 πρὸς
947 1003 1000 1080 τοῖς
1017 1007 1169 1087 κιγκλίδας
1186 1010 1241 1068 τοῦ
1259 1012 1371 1070 donem
1489 1027 1490 1030 ’

268 1095 402 1171 στηρίσαι.
443 1094 569 1153 alteram
588 1104 690 1153 autem
710 1095 846 1153 ambonis
867 1103 1001 1172 partem,
1025 1109 1101 1172 quae
1119 1093 1232 1152 scilieet
1245 1087 1324 1154 sado
1339 1101 1370 1150 et

157 1247 165 1265 ,
267 1173 407 1258 πρόααοκ
425 1197 480 1238 sen
496 1176 671 1238 narthecem
689 1179 859 1258 spectabat,
882 1172 1028 1242 ὀκίσθιοα
1047 1175 1137 1257 μέρος
1155 1181 1210 1239 κου’
1225 1171 1370 1256 ἄμβωνας
1489 1191 1490 1252 j

268 1264 495 1325 rocatAlexius
508 1266 663 1322 Aristonus
676 1266 789 1322 incan.
804 1265 968 1344 21Ancyr.
1013 1272 1103 1342 atque
1122 1259 1194 1321 inde
1216 1255 1371 1342 α’πισθᾶμ

267 1350 369 1430 βωνος
387 1341 460 1429 eripi
480 1350 633 1428 appellata
653 1359 698 1408 est
717 1368 736 1407 a
759 1350 879 1408 Graecis
895 1350 1040 1408 caeratio
1057 1347 1377 1428 quaeperaotesacra‘
1489 1391 1490 1440 ρ

268 1435 391 1512 liturgia
412 1435 450 1492 ab
472 1433 625 1493 sacerdote
643 1454 726 1493 sacra
739 1435 869 1492 faciente
881 1435 915 1492 in
928 1435 1054 1492 ambone
1071 1431 1110 1491 ad
1128 1433 1275 1512 populum
1289 1435 1370 1491 reci-
1489 1447 1490 1508 ᾗ

267 1529 365 1594 tatur,
386 1517 602 1599 ἐκφωνοαμένη
623 1515 705 1601 παραὶ
725 1523 781 1583 τοῦ
801 1517 901 1601 ἱερέως
916 1517 972 1594 ἔξω
985 1521 1042 1582 τοῦ
1053 1514 1204 1598 βήματος,
1228 1527 1262 1576 ut
1274 1528 1320 1578 est
1335 1521 1370 1578 in

267 1603 389 1682 liturgia
409 1605 442 1664 S.
462 1608 506 1663 lo.
525 1603 749 1686 Chrysostomi3
779 1624 856 1686 qnae
881 1603 1005 1685 quidem
1031 1606 1125 1664 oratio
1153 1601 1369 1682 compendium
1489 1589 1490 1622 ³

265 1688 421 1769 quoddam
432 1699 478 1749 est
491 1692 626 1750 omnium
643 1694 811 1750 orationum
824 1710 901 1772 quae
916 1693 948 1749 in
961 1693 1088 1750 sacrario
1104 1687 1259 1762 dicuntur,
1281 1699 1313 1746 et
1329 1689 1367 1748 ab
1489 1763 1490 1772 ρ

266 1775 396 1854 ipsomet
416 1775 569 1835 sacerdote
589 1776 751 1857 profertur,
782 1785 816 1836 nt
837 1776 966 1856 populus
987 1773 1111 1834 taudem
1131 1775 1282 1852 intelligat
1297 1777 1367 1854 quis
1489 1775 1490 1818 ἶ

267 1878 371 1918 earum
385 1861 608 1939 precationum,
629 1881 706 1943 quas
719 1864 752 1920 in
767 1860 864 1940 adytis
878 1861 1021 1920 hactenus
1037 1861 1134 1920 factae
1149 1871 1235 1933 sunt,
1257 1879 1368 1938 scopus
1489 1855 1490 1906 i

266 1945 358 2003 fuerit
371 1956 400 2003 et
410 1945 496 2019 finis,
518 1956 552 2005 ut
571 1945 688 2008 dhertis
699 1947 798 2006 verbis
809 1945 922 2006 indicat
935 1947 1102 2005 Germanus
1115 1942 1283 2024 patriarche
1299 1947 1367 2022 01³3
1489 1965 1490 1978 ι

266 2029 435 2088 cuiusmodi
448 2031 543 2089 ferma
557 2033 615 2090 fuit
631 2034 725 2090 oratio
737 2031 783 2091 ad
793 2031 1015 2110 complendum,
1037 2051 1091 2090 seu
1109 2034 1219 2090 missae
1241 2029 1367 2088 collecta
1489 2037 1490 2082 ἐ

249 2115 392 2190 ultima,
415 2113 452 2173 de
469 2133 529 2196 qus
542 2118 656 2196 passim
668 2119 721 2198 qni
736 2115 774 2176 de
787 2119 892 2178 ritibus
906 2119 1048 2176 ecclesiae
1062 2119 1253 2195 scripserunt.
1285 2114 1367 2176 hano
1489 2149 1490 2164 ο

261 2200 356 2279 igitur
377 2202 541 2260 orationem
565 2206 741 2262 recitaturus
763 2203 901 2264 sacerdos
920 2205 1039 2262 bemate
1061 2201 1226 2280 egreditur,
1256 2203 1366 2260 ambo—
1489 2199 1490 2228 ³

261 2304 395 2367 nemque
410 2285 584 2348 conscendit
598 2289 636 2347 ab
651 2290 789 2348 orientali
806 2287 905 2364 aditu,
928 2299 958 2348 et
972 2286 1011 2347 ad
1021 2289 1168 2367 populum
1183 2289 1366 2347 convertitur
1489 2313 1490 2340 i

261 2369 303 2428 ad
323 2370 525 2450 occidentem,
545 2393 622 2456 qnae
638 2394 707 2454 pars
720 2386 766 2433 est
781 2375 917 2433 ambonis
930 2377 1043 2455 postica
1059 2385 1089 2432 et
1100 2375 1236 2444 sinistra,
1259 2391 1365 2451 respe-
1489 2393 1490 2438 ᾗ

262 2466 314 2514 ctu
338 2458 475 2517 bematis.
517 2460 598 2518 nude
621 2480 690 2518 cum
709 2462 871 2519 Balsamon
890 2464 921 2519 in
941 2480 1007 2518 oon.
1027 2462 1065 2521 12
1084 2460 1201 2517 concilii
1213 2460 1366 2518 Nissenir

262 2543 435 2620 transfugas
457 2562 475 2601 a
495 2544 554 2603 fide
579 2548 622 2603 ait
643 2544 751 2604 dehere
777 2549 845 2626 splot
865 2543 920 2623 μὲν
943 2544 985 2608 ἔτι
1009 2544 1123 2619 ἔξωθεν
1138 2548 1193 2621 τῆς
1206 2543 1365 2623 ἐκκλησίας
1489 2588 1490 2619 ,

262 2626 407 2689 ἵστασθαι
428 2624 558 2691 ὄπισθεν
579 2633 635 2691 rori
653 2628 793 2711 ἄμβωνας
805 2629 855 2693 καὶ
869 2630 1039 2709 attexerem
1056 2624 1128 2709 perd
1142 2632 1204 2691 reio
1216 2652 1365 2707 κατηχοα·
1489 2698 1490 2703 1

262 2710 378 2792 μένων,
400 2711 475 2771 haec
499 2716 541 2772 ita
562 2713 707 2794 capienda
727 2726 813 2791 sunt,
840 2726 874 2773 ut
897 2718 919 2773 ii
939 2718 1015 2773 intra
1031 2716 1174 2779 ecclesiae
1187 2734 1241 2773 seu
1254 2714 1364 2793 templi

262 2808 348 2875 septa
379 2817 444 2855 esse
471 2800 692 2877 intelligantur,
721 2799 976 2880 quemadmodum
999 2799 1221 2859 catechumeni:
1251 2802 1364 2879 quippe

262 2885 341 2941 sicut
355 2884 378 2941 ii
394 2893 463 2941 ante
475 2882 587 2942 lectum
602 2887 791 2964 evangelium
808 2885 914 2945 aedem
929 2904 1044 2946 sacram
1061 2886 1189 2944 subeunt
1202 2904 1364 2965 sacrasque

261 2968 405 3027 lectiones
427 2978 457 3026 et
477 2966 617 3029 homilias
639 2971 744 3030 auditu
766 2976 937 3051 excipiunt,
958 2974 1001 3029 ita
1019 2974 1068 3031 isti
1087 2967 1214 3033 ὄπισθεν
1229 2975 1286 3031 τοῦ
1301 2968 1364 3051 ἅμ·

262 3054 364 3132 βωαος
382 3053 451 3131 περὶ
475 3051 512 3117 roi
532 3051 683 3138 sorderes
697 3053 737 3135 do*
749 3061 805 3119 τοῦ
819 3062 896 3120 ναοῦ
912 3058 1093 3129 consistunt,
1115 3067 1149 3114 ut
1168 3060 1208 3114 ait
1227 3056 1363 3135 Symeon

182 3136 185 3139 ’
261 3136 557 3214 Thessalonicensis,
576 3137 613 3199 id
630 3152 689 3217 est,
712 3161 771 3222 qua
792 3153 875 3222 parte
897 3143 984 3201 ambo
998 3144 1109 3200 bemati
1123 3144 1254 3221 posticas
1271 3153 1301 3201 et
1316 3143 1363 3200 ai-

153 3223 178 3277 P
194 3223 247 3282 589
262 3225 356 3284 nister
381 3229 576 3304 conspicitur,
599 3247 668 3285 cum
689 3232 794 3289 ceteris
815 3224 969 3301 fidelibus,
991 3229 1022 3285 in
1041 3230 1168 3286 statione
1187 3236 1288 3285 tamen
1301 3228 1361 3285 sibi

131 3314 135 3319 '
263 3308 302 3366 ad
326 3311 498 3368 inferiorem
519 3311 601 3371 aedis
622 3322 739 3392 partem
758 3316 923 3391 assignata,
947 3324 976 3371 et
991 3332 1068 3393 quae
1082 3311 1218 3371 nartheci
1233 3314 1361 3371 coniun-

260 3396 358 3471 gitur,
380 3398 412 3451 in
439 3397 563 3454 ecclesia
585 3408 682 3468 stant,
704 3399 846 3478 finitaque
870 3395 1152 3457 catechumenorum
1174 3400 1266 3457 missa
1289 3416 1360 3455 cum

257 3480 299 3540 iis¹
318 3477 482 3552 excedunt,
505 3492 535 3539 et
554 3484 587 3538 in
608 3479 764 3542 nartheces
776 3504 831 3543 seu
843 3486 973 3563 portione
988 3503 1054 3543 sese
1068 3485 1224 3562 recipiunt.
1268 3493 1360 3562 atqua

257 3560 310 3621 hic
331 3574 376 3621 est
396 3566 545 3642 genuinus
560 3568 719 3626 verborum
731 3570 920 3629 Balsamonis
931 3588 1055 3644 sensus,
1078 3588 1155 3650 quae
1170 3566 1360 3628 doctissimos

257 3649 338 3708 viros
350 3649 459 3708 frustra
473 3652 679 3711 sollicitarunt.

341 3735 393 3799 75.
436 3734 485 3794 Ad
498 3736 635 3796 ambonis
647 3739 801 3818 superiora
813 3735 1040 3799 conscendenda
1053 3735 1168 3818 duplex
1178 3736 1275 3817 patuit
1288 3733 1360 3795 adi-

256 3826 306 3878 tus
326 3839 381 3877 seu
401 3819 510 3897 gradm
532 3823 582 3880 vel
601 3824 681 3881 scala
694 3834 747 3883 aut
760 3822 898 3901 cochlea,
920 3825 957 3883 ab
974 3828 1086 3883 oriente
1102 3824 1217 3883 scilicet
1232 3832 1263 3879 et
1276 3824 1360 3880 occi-

255 3901 364 3979 dente,
385 3916 420 3963 nt
434 3909 466 3963 in
483 3910 587 3967 ceteris
601 3909 789 3970 umbonibus.
832 3912 941 3988 Ugutio
954 3911 1082 3970 Pisanus
1096 3926 1159 3969 ms:
1181 3906 1270 3967 ambo
1279 3907 1359 3984 pul-

250 3991 366 4067 pitum,
390 3988 445 4047 ubi
463 4011 499 4049 ex
517 3992 666 4053 cordobae
679 3994 823 4073 partibus
840 4007 912 4054 οιιιιι
926 3996 1055 4075 gradun
1077 3992 1270 4077 quiquidem
1284 4011 1360 4070 gra-

255 4072 313 4134 dus
334 4094 389 4134 seu
410 4072 508 4135 aditus
527 4080 647 4157 gradus
663 4082 844 4141 mersiones
860 4082 1096 4139 etdaecerrsionis
1113 4079 1253 4138 dicuntur
1270 4081 1357 4137 Aua-

253 4162 346 4221 stasio
359 4161 433 4220 bibl.
447 4162 479 4219 in
492 4163 525 4221 S.
540 4164 683 4223 Silvestre
699 4169 749 4224 PP
766 4186 797 4246 p.
818 4170 866 4229 17.
908 4167 1021 4225 Paulus
1039 4166 1244 4226 Silentiarius:

417 4240 565 4323 α’ρθοὶδιος
578 4244 724 4332 βάθροις,
745 4246 931 4333 διδαμάονος
946 4248 1079 4333 ἅμβατος
1097 4251 1206 4329 cipere,

418 4324 463 4394 dv
477 4334 533 4414 μία
546 4332 602 4416 μὲν
619 4333 798 4403 novistine
809 4337 986 4417 αοαιοαοι,
1007 4334 1076 4421 ἡδὲ
1087 4332 1162 4421 κρός
1175 4326 1231 4417 q'cr'·
