3017 4900
552 370 797 446 ommino.
1207 396 1230 446 v

127 617 186 659 ueu
206 596 308 659 miuus
328 604 430 657 umen
451 588 491 655 ad
509 592 588 655 bene
608 592 757 675 beateque
771 586 937 685 rireudmu
948 592 1133 673 ueoessariu,
1154 612 1230 655 ouu-

128 726 245 795 rertes,
275 736 311 778 ao
337 712 493 777 literarum
519 722 641 775 tuarum
668 711 837 776 salubritati
858 708 1058 797 dignitatique
1078 715 1230 776 eonsules.

128 838 213 900 ruut
233 836 315 897 euim
334 831 412 895 mihi
432 834 466 895 iu
486 843 635 911 menum,
663 834 717 915 qui
742 842 910 893 tumente
937 852 1050 913 psuoes
1070 830 1135 895 dies
1156 854 1230 916 pur-

128 956 184 1017 tim
204 974 223 1016 a
243 974 295 1015 me
315 952 436 1015 auditus
455 954 567 1034 partim
587 952 625 1012 ub
646 951 715 1013 aliis
735 961 881 1033 exeeptus
901 971 1000 1015 sermo
1020 952 1129 1032 fuerit,
1160 974 1232 1017 oum

127 1086 162 1137 tu
182 1072 262 1135 illud
281 1072 476 1157 pmfltebare,
504 1068 584 1135 nihil
602 1072 659 1133 tibi
679 1073 794 1155 gratius
813 1091 950 1157 uuquam
970 1074 1123 1135 exstitisse
1142 1073 1231 1135 bouis

127 1195 243 1255 artibus
263 1192 432 1275 artiumque
452 1190 570 1274 peritis,
588 1211 689 1277 ueque
709 1194 743 1254 iu
763 1204 935 1276 posterum,
957 1212 1019 1279 quo
1038 1196 1137 1254 maior
1156 1194 1232 1256 sub·

127 1311 252 1377 levandi
272 1320 352 1374 esset
370 1311 516 1393 foculus,
534 1312 599 1373 ulia
614 1312 652 1371 iu
664 1332 705 1373 rs
726 1308 912 1377 defuturum.

213 1430 417 1509 Quamobrem
449 1441 485 1492 ut
515 1430 581 1494 eius
609 1432 693 1494 eoois
719 1433 899 1516 uousiliique
924 1432 1131 1511 meminisses,
1160 1444 1232 1495 tau·

128 1570 224 1640 qqum
249 1548 472 1615 admonitorem
498 1550 630 1632 allegari
656 1547 862 1631 Nicephorum
894 1562 1050 1631 nostrum3
1087 1552 1142 1636 qui
1175 1552 1234 1614 fibi

128 1657 201 1735 eeu
220 1672 362 1755 prunum
382 1671 431 1733 su
450 1678 518 1731 tum
538 1670 693 1731 emmena
712 1670 836 1730 nemu·
857 1659 1014 1731 utem
1032 1672 1233 1754 peaeuuum

129 1791 278 1871 deferret,
306 1790 400 1851 simul
419 1790 512 1849 etiam
531 1799 666 1874 regeret,
693 1787 777 1872 quod
794 1791 829 1850 iu
847 1790 887 1851 iis
906 1788 1069 1853 onomate
1087 1790 1233 1874 profiten-

130 1910 240 1995 disque
266 1918 369 1971 uostra
396 1910 524 1971 societas
549 1909 700 1987 elaboret,
730 1891 850 1991 pestem
874 1920 911 1971 ut
936 1906 978 1970 ad
1003 1929 1074 1972 sam
1097 1912 1232 1995 ffivum

127 2026 332 2097 solicitudinis
359 2024 452 2091 huius
478 2028 767 2113 benevolentiaeque
786 2027 982 2108 trmsfems3
1011 2040 1046 2092 ut
1065 2031 1104 2091 iis
1124 2032 1235 2115 qmbus

126 2135 221 2231 saepe
241 2147 351 2208 iactata
371 2157 417 2208 est
437 2147 584 2209 molestiis
604 2128 762 2229 perfuncta
779 2166 844 2209 uou
862 2158 927 2209 tam
942 2149 1010 2230 ipsa
1023 2117 1235 2234 oouquiesoere

127 2269 243 2353 possit,
270 2286 363 2350 quam
383 2276 414 2327 et
434 2268 579 2329 ecelesiae
600 2266 707 2328 officiis
727 2267 868 2329 omuibus
888 2276 920 2328 et
940 2266 1144 2331 domiuum
1166 2280 1235 2332 stu·

129 2388 188 2451 diis
213 2386 327 2468 vigiliis
346 2386 560 2472 laboribusque
581 2388 644 2450 suis
665 2385 816 2450 oommodi
837 2386 954 2472 aliquid
966 2387 1083 2450 afferre.
1126 2386 1166 2450 de
1182 2409 1236 2451 me

127 2529 203 2572 vero
226 2502 308 2591 quod
327 2508 488 2589 praecipuo
515 2509 667 2591 postulem
685 2505 767 2568 nihil
786 2515 850 2585 est,
880 2507 942 2569 uisi
968 2517 1004 2570 ut
1031 2505 1174 2570 audaciae
1201 2509 1237 2569 in

128 2641 160 2692 ts
178 2625 404 2710 interpellando
424 2647 511 2708 meae
532 2630 579 2690 sio
594 2629 733 2710 iguossas
752 2639 789 2690 ut
809 2628 906 2690 umori
925 2647 998 2710 erga
1017 2639 1049 2689 ts
1068 2627 1236 2690 uoluntati·

128 2769 192 2836 que
214 2749 328 2812 fureas.
349 2748 429 2809 vale.
469 2749 606 2812 Lutetiae
626 2749 722 2812 Paris.
743 2751 766 2816 6
784 2745 850 2810 kal·
870 2747 955 2831 Sept.
976 2767 1007 2810 u·
1026 2747 1059 2812 d.
1081 2753 1176 2820 1616.
