3017 4900
374 319 430 390 su
454 315 733 388 maranorum
755 315 912 388 uorsa
1121 297 1247 418 aas
1380 298 1382 305 “

33 487 108 549 nis
129 497 222 548 tam
234 483 355 549 turbida
369 481 567 564 descriptione
581 478 691 564 liquidi
703 491 856 563 utumque
868 478 985 564 aliquid
999 483 1196 565 exprimatur,

39 593 240 654 magnam
263 575 316 634 ills
331 572 507 651 Bulgeriam
529 567 569 631 ad
583 563 741 628 Maeotidis
765 566 892 648 paludes
917 569 960 628 cis
979 569 1101 630 Tanain
1121 591 1196 632 oon-

42 663 209 736 stituit,
235 660 288 718 ubi
306 661 432 740 lazyges
455 667 485 715 et
504 655 655 716 Roxolani
677 654 790 736 aliique
813 650 945 734 Scythae
967 654 1120 734 quondam
1145 658 1196 720 vel

48 747 269 820 Sarmatae,
290 763 370 802 nuno
385 737 590 802 Moschoi-itae
606 739 656 798 vel
671 740 803 800 minores
819 741 942 799 Tartari
955 743 1132 822 nuncupati.

171 851 212 912 p·
227 833 268 894 38
283 849 314 890 v.
330 829 381 892 15.
401 821 553 903 Bassevdp
568 820 655 905 υἱός]
678 822 871 908 ναήοραἰιιε
890 843 1004 883 nomen
1020 829 1197 908 oouoipitur,

53 925 103 976 ut
124 925 168 975 et
181 915 296 996 patris,
323 914 377 996 qui
392 911 536 974 (imbutus
551 930 572 971 s
583 907 774 992 Theophane
790 907 916 989 dieitur,
944 909 1025 972 filim
1038 931 1110 973 vero
1121 915 1199 974 Bet·

53 1001 441 1148 gmgas’ldded.ldad.gmddv⁰
463 1075 624 1164 Adamas
642 1077 696 1144 sai
718 1072 911 1161 Admota]
938 1076 1092 1143 cedrenus
1112 1081 1146 1141 in
1167 1103 1198 1142 s.

57 1171 281 1252 copronymi
293 1173 334 1234 28
348 1167 455 1229 husim
470 1167 541 1228 illos
554 1166 738 1228 eoniunotim
749 1167 896 1242 nominat,
910 1166 1093 1244 Danubium,
1109 1162 1200 1230 Κού-

60 1279 176 1337 φην,
201 1257 363 1314 Dauastriu
383 1263 414 1313 st
434 1253 600 1334 Dauapriu.
644 1247 780 1333 Κοόφην
796 1251 959 1313 verisimile
972 1251 1198 1334 estcophinem

61 1361 179 1418 esse,
204 1338 243 1401 de
259 1358 319 1421 quo
334 1341 425 1422 paulo
441 1349 540 1399 autes.
581 1335 745 1398 Iornandes
766 1334 805 1397 de
824 1337 915 1397 rebus
931 1339 1044 1398 Getieis
1058 1339 1200 1417 Ssyths'n,

62 1427 211 1508 inquit,
237 1427 407 1486 Genaunes
423 1433 519 1484 serras
531 1424 658 1500 oospfins's
672 1443 705 1482 eo
718 1433 806 1482 tenus
817 1421 873 1482 ubi
884 1424 963 1483 Ister
975 1427 1071 1483 eritrsr
1082 1426 1199 1497 amnas,

67 1511 134 1574 vel
149 1511 667 1592 atagssuosds'lataturMyeianrsm,
691 1508 815 1568 tendens
828 1529 924 1589 usque
936 1510 1120 1589 adflrmss‘na
1136 1512 1200 1590 Ty·

70 1617 161 1658 ram
182 1597 375 1658 Danasnnm
399 1605 428 1656 et
451 1593 635 1676 Vagusolam
661 1614 867 1674 magrmmqne
887 1593 977 1652 illum
997 1596 1195 1676 Dmtupmm.

70 1683 284 1764 paulopost:
311 1693 397 1742 anses
413 1701 497 1755 vero,
517 1681 662 1763 quisunt
675 1699 777 1740 eornm
784 1679 952 1759 sortassinsi
965 1683 1020 1761 qm·
1031 1681 1077 1741 ad
1086 1683 1199 1742 Ponti-

75 1787 164 1828 cum
185 1789 270 1827 usare
286 1778 465 1840 curvantur,
486 1787 508 1825 a
519 1767 675 1826 Danaam
695 1765 896 1825 atosdunmr
914 1785 1011 1846 usqne
1027 1767 1074 1825 ad
1082 1766 1200 1827 Darsa·

74 1853 444 1934 fl‘m
457 1849 977 2020 ΨΜ
988 1849 1201 2015 11111

80 2021 189 2083 hodie
202 2025 340 2102 Das'epsr
358 2023 546 2104 appellatur,
575 2039 707 2103 quocum
720 2022 799 2082 falso
813 2039 831 2080 a
847 2020 1028 2103 quibusdam
1040 2025 1201 2103 Dansprus

23 2115 24 2138 *
85 2108 307 2186 eonfrmditur,
337 2110 417 2167 tuter
435 2126 527 2190 quem
543 2111 695 2167 etlstrum
707 2108 872 2167 Danasti-us
888 2118 950 2184 est,
971 2119 1006 2167 nt
1021 2109 1201 2168 Ammianus

86 2191 199 2272 prodit
211 2194 234 2255 l.
247 2197 308 2267 313
329 2191 363 2252 id
377 2191 460 2275 quod
475 2203 544 2251 aute
556 2211 612 2252 uos
625 2192 754 2253 Ortelius
768 2192 949 2253 observavit.
991 2191 1046 2252 sed
1058 2196 1202 2276 quisnam

23 2299 24 2310 ¹
89 2280 263 2339 Danastrus
283 2279 338 2338 iile
358 2281 397 2339 sit
417 2274 552 2338 noudum
566 2278 671 2358 liquet.
714 2278 840 2337 forsitan
859 2275 943 2338 idem
960 2287 1007 2338 est
1027 2299 1098 2339 aum
1115 2281 1202 2360 Tyra

89 2363 202 2442 fluvio,
224 2361 338 2446 cuphis
350 2381 422 2424 rere
437 2381 507 2422 eam
517 2364 642 2437 Aniene,
662 2363 714 2422 vel
727 2372 842 2421 uonna.
1143 2380 1164 2392 ··

181 2469 213 2532 p·
230 2450 271 2516 89
284 2470 316 2509 r.
329 2454 361 2515 7.
401 2452 457 2529 τῆς
467 2445 631 2528 asportes]
652 2443 732 2505 hano
746 2445 916 2506 Berzeliam
931 2457 1019 2507 sonat
1031 2442 1202 2528 Theopha-

23 2538 24 2571 ³
91 2553 170 2613 nes,
190 2536 243 2595 alii
255 2535 428 2595 Ber-sitium.
456 2530 511 2593 sed
523 2541 660 2611 oomupta
675 2540 745 2593 sunt
764 2550 842 2611 quae
858 2542 1035 2613 sequnntur.

181 2618 222 2681 ib.
242 2640 272 2679 v.
286 2624 340 2685 22.
382 2616 434 2681 tui
454 2613 677 2698 Μεσημβρίαν]
705 2617 742 2676 P.
756 2617 907 2676 Diaconua
921 2618 961 2676 'in
972 2618 1110 2679 Miscella
1126 2638 1201 2699 per·

23 2740 24 2743 ¹
94 2724 202 2788 peram
215 2704 369 2763 meridiem
381 2703 480 2778 vertit,
502 2720 571 2761 mam
583 2702 622 2760 eit
634 2703 790 2781 proprium
802 2702 885 2761 urbis
900 2722 1023 2763 nomen.

183 2788 302 2873 18401.
312 2793 344 2854 7.
365 2782 504 2870 Βαρνᾶν]
515 2788 613 2845 Barna
622 2784 930 2867 etOdyseusMoesiee
938 2788 1089 2849 inferioris
1097 2789 1200 2849 urbes.

183 2872 226 2934 ih.
248 2892 279 2934 v.
300 2876 351 2938 20.
393 2876 487 2935 ταῦτα
510 2867 653 2953 ὅιαγνοΰς
671 2872 922 2954 Κωνσταντῖνος]
951 2886 1040 2933 sexta
1056 2871 1200 2953 Synodus

23 2954 24 2963 ¹
99 2966 202 3023 coacta
221 2959 276 3020 snb
293 2955 451 3039 Agathone
470 2954 573 3016 habita
593 2967 638 3017 est
656 2976 684 3017 a.
703 2962 742 3023 18
762 2960 882 3039 imperii
897 2960 1084 3019 Constantini
1095 2962 1200 3039 Pogo-

99 3048 180 3122 uati,
200 3054 234 3105 ut
252 3052 355 3105 suntor
374 3053 419 3104 est
433 3040 602 3120 cedrenus,
630 3039 818 3123 Niaephorns
836 3045 870 3103 in
891 3040 1057 3120 Chronico,
1082 3054 1113 3103 et
1134 3046 1200 3104 elii.

102 3127 303 3212 Theophanes
324 3126 363 3188 sd
379 3148 409 3189 a.
426 3130 467 3193 12
483 3129 585 3187 refert.
628 3130 682 3210 qni
702 3131 826 3209 insuper
845 3150 877 3208 p.
891 3132 949 3195 801
959 3135 1029 3196 -2
1044 3130 1152 3189 ultimo
1168 3149 1200 3188 a.

103 3216 247 3297 Pogonati
264 3216 383 3297 prolixe
403 3212 442 3273 de
462 3210 570 3295 synodi
589 3211 679 3275 huius
700 3225 837 3294 tempore
858 3213 1007 3296 disputat,
1039 3233 1116 3297 quae
1139 3214 1198 3275 hoo
1213 3222 1237 3277 P
1254 3224 1290 3279 ts

105 3304 169 3363 loeo
191 3300 337 3361 discutere
356 3301 482 3359 minime
499 3319 622 3360 neeesse
644 3309 699 3360 est.
741 3311 776 3359 ut
797 3298 838 3357 ed
856 3304 877 3365 6
896 3299 1048 3379 synodum
1065 3298 1200 3378 redeam,

108 3384 186 3447 haud
199 3386 324 3446 dubium
337 3396 383 3447 est
395 3386 469 3466 quin
482 3404 511 3445 a.
525 3385 560 3444 0.
576 3388 638 3451 680
652 3382 793 3445 inchoata
806 3386 854 3462 sit,
875 3384 944 3443 Iud.
956 3388 988 3460 9,
1009 3388 1086 3445 Nor.
1101 3390 1122 3449 7
1137 3386 1199 3462 die,

23 3494 24 3527 i
111 3472 243 3553 finitaque
260 3474 299 3533 sit
312 3490 391 3532 auno
407 3472 556 3553 sequenti.
599 3490 678 3552 quo,
706 3480 741 3531 ut
758 3472 850 3531 refert
865 3472 1060 3546 Anastasius,
1083 3474 1200 3537 1710-

111 3558 213 3617 bruarii
232 3553 383 3617 dominius
402 3558 478 3632 fuit,
508 3557 592 3639 oyolo
608 3557 682 3617 solis
701 3560 759 3633 18,
789 3556 838 3616 lit.
861 3554 944 3617 dom.
961 3558 998 3617 1³.
1039 3559 1202 3623 insatiati

23 3680 24 3693 .
114 3640 212 3725 synodi
223 3652 344 3702 notatur
356 3641 406 3702 hie
421 3643 789 3719 murcomannum,
811 3640 895 3723 quod
910 3642 1043 3724 reliquos
1059 3662 1130 3703 mm
1144 3661 1204 3723 ps-

27 3750 29 3757 ·
115 3740 153 3788 tre
167 3725 261 3787 adhue
282 3729 440 3809 superstite
455 3729 622 3807 imperarit.
663 3738 773 3810 quotus
787 3748 861 3787 vero
876 3726 931 3787 hio
945 3740 1016 3809 post
1031 3730 1204 3789 Constantis

115 3816 219 3874 obitum
237 3813 329 3873 fisarit
344 3825 424 3875 serto
445 3810 563 3873 definiri
580 3823 702 3896 posset,
729 3815 758 3875 si
772 3811 811 3875 da
823 3833 929 3874 meuse
944 3832 980 3874 aa
993 3812 1044 3875 die
1056 3824 1206 3876 eoustaret

115 3920 168 3983 quo
179 3898 323 3960 Constans
334 3901 437 3961 vivere
452 3896 552 3960 desiit.

187 4006 217 4066 p·
230 3982 270 4049 tt
290 4004 321 4046 r.
336 3984 388 4051 15.
409 3988 465 4050 soti
483 3978 642 4064 Ὀψικίου]
678 3979 717 4044 de
740 3984 902 4064 Opsieiauo
924 3978 1057 4045 themate
1080 3980 1202 4043 abunde

119 4066 237 4149 disputat
250 4070 461 4131 Constantinus
474 4067 732 4151 Porphyrogenits
743 4088 762 4129 s
775 4069 921 4131 Vulcania
935 4067 1051 4147 editus,
1072 4070 1128 4131 suh
1140 4087 1202 4149 qua

120 4154 314 4236 comprehensi
324 4152 459 4238 Bithyni,
480 4157 570 4239 Mysi,
591 4152 738 4237 Phryges,
758 4151 902 4231 Dardani,
921 4158 1029 4216 Troes.
1059 4147 1204 4233 'Opissas

23 4280 24 4285 κ
120 4242 212 4303 hatiua
224 4260 288 4301 vox
302 4250 357 4319 est,
371 4262 463 4323 quare
478 4240 678 4323 obsequium
688 4260 907 4325 nonuunquam
920 4240 1091 4303 reddimuss
1106 4238 1204 4319 sigui·

122 4328 178 4387 tiost
189 4330 269 4389 enirn
284 4322 355 4405 sosio
368 4326 650 4414 προπορευομένους
669 4326 843 4414 imposuisse
860 4331 917 4394 soti
930 4324 1075 4412 βασιλέως
1086 4322 1137 4392 snt
1153 4314 1203 4389 εὖ·
