3017 4900
241 333 293 410 94
489 334 701 420 QUERGIUS
719 334 772 402 nt
796 331 1101 400 nxrnnmottls

244 502 446 584 gratissimum
474 499 604 562 hostiam
629 501 837 560 immolabunt.
869 517 1016 558 ¹oausam
1052 494 1192 574 adsignat
1220 493 1351 556 Ovidius

244 590 329 648 Just.
356 590 388 652 1·
406 589 478 652 386.
535 585 605 648 ride
625 589 814 648 Brissonium
834 584 872 644 de
894 604 958 664 reg.
980 586 1066 642 Pers.
1083 582 1212 662 princip.
1232 581 1286 640 lib.
1311 586 1350 646 2.

243 694 335 732 nemo
355 682 475 750 temen,
499 669 581 753 quod
601 673 711 748 sciam,
735 670 815 732 dixit
836 669 918 752 quod
939 666 1043 729 Pisida
1066 666 1211 740 affirmet,
1234 686 1350 746 equum

246 757 328 840 opud
357 759 464 816 Persas
495 755 634 820 habitum
665 777 730 817 esse
761 755 864 816 deum.
912 746 1082 814 Herodotus
1105 750 1231 833 quidem
1251 750 1348 816 ltus

241 865 279 922 p.
298 842 358 905 401
384 861 477 923 equos
495 841 642 923 quosdam
655 844 721 903 lovi
734 861 834 903 ssoros
847 843 881 900 in
892 838 1015 900 Perside
1027 839 1122 898 fnisse
1136 847 1247 895 narrat.
1288 856 1350 895 neo

247 928 285 988 sb
307 924 458 986 Herodoto
481 926 619 990 dissentit
640 931 791 1006 lustinus,
813 929 867 1009 qui
886 926 941 986 lib.
963 927 981 989 1
1004 927 1046 988 10
1066 923 1086 987 5
1109 941 1203 1004 equos
1222 922 1279 982 soii
1294 940 1349 981 sa-

248 1023 343 1072 cratos
361 1009 502 1074 babuisse
524 1017 632 1074 Perses
652 1023 788 1073 testetur.
830 1009 887 1072 sed
906 1031 977 1072 oum
992 1006 1097 1070 Pisida
1110 1009 1175 1067 iere
1187 1004 1348 1067 concordat

247 1099 384 1172 Curtius,
405 1101 459 1180 qui
480 1102 499 1162 3
522 1103 542 1164 3
564 1119 708 1180 pompam
728 1109 759 1158 et
779 1096 932 1172 ordinem,
959 1115 1019 1177 quo
1039 1113 1150 1174 agmen
1168 1093 1256 1152 Desii
1274 1112 1348 1172 pro-

247 1181 386 1258 cedebat,
410 1181 581 1243 describens
600 1188 659 1243 sit:
686 1205 811 1243 currum
832 1183 939 1242 &nde
958 1181 1026 1242 Iosu'
1042 1189 1197 1238 sacram
1215 1176 1349 1236 altana

247 1266 395 1326 vehebant
406 1270 485 1348 eqni.
531 1269 585 1328 Iros
598 1271 723 1330 eruum
737 1267 958 1350 mgnuudirua
970 1285 1085 1347 ηοω,
1105 1283 1195 1346 quem
1205 1263 1276 1323 sols}
1287 1281 1350 1342 op-

242 1351 416 1432 pdladant,
437 1353 624 1433 sequebatur.
884 1409 888 1420 ,
962 1358 966 1364 “
1037 1387 1051 1408 -.

331 1441 385 1502 26.
428 1457 467 1496 ne
486 1437 576 1502 buius
598 1437 723 1522 quidem
742 1441 817 1499 ritus
837 1439 936 1498 ullum
956 1436 1060 1496 inveni
1079 1435 1251 1514 vestigium.
1291 1452 1348 1492 re-

212 1559 215 1566 *
249 1542 317 1582 rum
335 1525 363 1582 si
385 1521 504 1584 Pisidae
526 1528 685 1586 auotoritas
704 1535 833 1584 nonest
854 1525 976 1584 omnino
997 1519 1235 1594 contemnenda,
1256 1537 1348 1598 quem

249 1627 351 1666 rerum
371 1611 419 1666 sui
439 1613 582 1690 temporis
602 1613 743 1691 ignarum
761 1628 919 1690 nunquam
937 1605 1060 1682 dixero,
1081 1605 1117 1666 id
1133 1609 1177 1666 ita
1197 1606 1351 1682 accipien-

249 1692 323 1752 dum
335 1704 409 1772 puto
425 1705 461 1754 ut
475 1715 587 1776 equum
602 1699 729 1770 Persae,
751 1697 778 1754 si
793 1695 870 1754 bene
884 1697 930 1753 eis
947 1713 995 1752 res
1010 1694 1160 1768 eveniret,
1179 1687 1349 1765 adornent,

250 1779 277 1838 si
291 1798 361 1837 vero
375 1780 472 1856 male,
495 1784 588 1861 virgis
604 1780 772 1840 caederent.

334 1867 387 1927 32.
430 1867 535 1944 ignem
559 1876 589 1924 et
610 1887 721 1948 squam
745 1863 785 1924 ad
801 1862 878 1925 haec
892 1883 989 1944 usque
1002 1872 1140 1942 tempora
1151 1864 1261 1922 Persas
1273 1857 1352 1919 ndo·

252 1968 318 2008 rare
342 1959 504 2026 testantur,
541 1952 594 2032 qui
618 1950 656 2011 de
676 1954 837 2012 Persarum
859 1950 992 2010 moribus
1010 1951 1044 2006 in
1063 1950 1127 2007 suis
1147 1943 1354 2027 ὁδοικοραοῖς

252 2036 443 2114 scripserunt.
487 2056 580 2117 quem
598 2047 701 2096 eutem
721 2037 854 2116 antiquis
867 2035 986 2113 legibus
1001 2053 1038 2093 ea
1053 2042 1131 2094 esset
1145 2035 1289 2092 intereos
1300 2051 1352 2089 re-

252 2129 339 2198 cepte
351 2129 380 2177 et
393 2123 552 2180 constituta
562 2121 677 2201 religio,
699 2132 818 2202 praeter
828 2118 1016 2179 Herodotum
1026 2128 1057 2178 et
1068 2119 1249 2180 Strabonem
1259 2117 1353 2176 alios-

253 2223 313 2284 qne
335 2215 452 2266 veteres
473 2209 648 2286 scriptores,
669 2206 793 2268 tradunt
813 2207 985 2266 Brissouius
1008 2204 1066 2262 loe.
1090 2205 1141 2262 os't.
1164 2213 1195 2262 et
1209 2199 1354 2262 Thomas

252 2287 341 2369 Hyde
356 2290 393 2349 de
407 2301 465 2350 vet.
482 2293 568 2351 Pers.
586 2293 674 2373 relig.
691 2313 718 2352 o.
737 2296 769 2357 8.
811 2293 866 2373 qui
884 2303 988 2350 temen
1004 2309 1067 2349 non
1080 2301 1126 2348 est
1140 2285 1306 2348 audiendus
1318 2288 1353 2344 in

254 2394 308 2450 eo,
331 2375 413 2457 qnod
436 2381 560 2437 assumit
580 2389 696 2439 veteres
716 2379 825 2438 Persas
837 2395 879 2436 ex
890 2372 1045 2436 Abraham
1059 2392 1163 2434 rernm
1174 2375 1354 2453 religionem

252 2464 385 2540 petiisse,
396 2465 521 2544 ignique
538 2476 569 2525 at
584 2468 642 2527 soli
656 2467 778 2525 civilem
791 2474 912 2523 tontum
929 2462 1044 2522 ocultum
1060 2459 1252 2534 exhibuisse,
1275 2478 1352 2540 quse

254 2550 402 2606 sententie
424 2559 457 2606 ut
477 2570 555 2609 nove
576 2560 606 2609 et
625 2551 704 2611 falsa
724 2548 919 2620 disertissime
939 2548 1115 2607 refuteturs
1130 2545 1354 2605 Montfsuoonio

253 2632 408 2711 Antiqua.
430 2632 540 2698 ἅὶιιοίν.
561 2646 631 2693 tom.
653 2639 675 2699 2
690 2647 776 2713 port.
797 2639 819 2697 2
835 2656 873 2713 p.
893 2633 967 2699 395·
1008 2632 1100 2693 facile
1123 2632 1206 2691 enim
1227 2628 1353 2710 Hydaeo

253 2721 487 2778 concesserimus
505 2722 594 2779 unius
615 2722 829 2800 omnipotentis
843 2718 893 2779 dei
906 2720 1108 2798 cognitionem
1123 2715 1265 2777 babuisse
1278 2706 1371 2774 Per-'

254 2821 316 2876 ses,
339 2800 504 2863 dummodo
516 2807 582 2885 ipse
595 2816 712 2881 contra,
733 2806 974 2886 superstitiosum
984 2806 1078 2863 fuisse
1089 2804 1204 2863 uultum
1215 2821 1276 2882 quo
1289 2803 1353 2859 eius

254 2889 443 2961 maiestatem
459 2891 731 2973 prosequebantur,
752 2910 816 2951 non
829 2888 969 2970 deneget.
1012 2908 1101 2965 nam,
1122 2899 1158 2948 ut
1171 2888 1270 2947 siebat
1283 2887 1353 2946 Cle-

254 2991 340 3031 mens
353 2974 444 3035 Alex.
456 2976 574 3037 Cohors.
581 2998 617 3054 p.
627 2978 683 3053 57,
706 2970 864 3059 dydiporu
877 2973 934 3057 μὲν
948 2978 1028 3039 θεοῦ
1041 2969 1079 3039 ου’
1094 2969 1169 3051 ξύλα
1182 2972 1235 3036 sui
1245 2972 1356 3044 λίθους

254 3052 464 3140 ὑπειλήφασιν
480 3056 746 3142 ὅσπερἝλληνες,
768 3056 841 3125 odoi
854 3057 916 3140 μὴν
929 3061 1029 3141 ἴβιδος
1043 3058 1094 3122 sui
1105 3053 1286 3140 ἰχνεύμονας
1297 3079 1356 3119 su-

254 3137 358 3224 ttu'rreo
371 3140 549 3228 Αἰγύπτιοι,
572 3140 648 3209 disci
658 3152 720 3228 ndo
731 3170 763 3210 τε
776 3145 829 3211 scd
840 3142 926 3223 ὕδωρ
942 3144 985 3219 οἱς
996 3142 1173 3224 φιλόσοφοι.
1215 3162 1291 3225 quse
1304 3160 1355 3199 cs·

255 3238 301 3287 set
316 3232 477 3291 Persarum
491 3233 615 3311 religio,
630 3235 739 3315 ,paucis
753 3234 895 3311 exposuit
908 3228 1079 3291 Herodotus
1092 3234 1111 3295 1
1135 3234 1206 3295 131.

308 3362 313 3376 .
338 3312 391 3377 41.
435 3317 510 3397 quid
524 3316 576 3377 hio
587 3328 657 3396 agat
672 3319 802 3379 Celticus
814 3314 955 3391 Rhenus,
976 3316 1067 3396 plene
1084 3335 1147 3388 non
1164 3313 1265 3375 video.
1306 3320 1355 3370 et·

256 3416 315 3475 que
338 3417 394 3475 ego
416 3420 488 3461 sane
508 3404 649 3476 mallem,
673 3402 748 3483 qnid
770 3404 900 3463 voluerit
916 3401 1036 3477 Pisida,
1057 3422 1108 3460 me
1124 3402 1241 3459 nescire
1251 3398 1355 3471 fateri,

256 3500 349 3561 quam
364 3486 504 3545 inanibus
516 3490 692 3547 coniecturis
708 3499 738 3547 te
752 3486 897 3547 detinere.
939 3507 1045 3547 verum
1058 3506 1097 3545 ne
1109 3487 1184 3544 vitio
1195 3482 1274 3543 mibi
1286 3502 1358 3542 ver-

254 3576 317 3643 tas,
342 3567 425 3647 quod
443 3571 578 3651 alioquin
599 3574 736 3651 garrulus
753 3570 805 3631 bic
822 3574 1043 3647 obmutescam,
1065 3574 1107 3630 ita
1126 3572 1249 3629 ariolor.
1262 3569 1359 3629 Celti·

255 3672 325 3712 cum
344 3650 485 3715 Rhenum
505 3661 665 3717 nominans
684 3657 789 3719 Pisida
809 3658 963 3719 funestam
984 3660 1072 3718 iliam
1093 3655 1211 3715 dudem
1232 3655 1358 3713 fortusse

256 3735 409 3818 designat,
432 3761 524 3823 quam
543 3744 732 3823 sigebertus,
753 3741 861 3803 Rheno
882 3746 1006 3803 traiecto
1025 3745 1144 3802 Hunnis
1156 3744 1189 3800 in
1200 3740 1357 3821 iirsncism

255 3824 419 3905 irrumpere
434 3829 609 3889 conantibus
620 3830 724 3889 intulit
738 3834 817 3888 circa
831 3848 946 3889 annum
959 3826 1029 3887 chr.
1044 3827 1118 3893 570.
1161 3824 1232 3887 ride
1251 3824 1287 3883 ds
1307 3842 1357 3879 re-

256 3906 313 3967 bus
332 3911 444 3973 Burro.
489 3916 665 3995 scriptores,
687 3917 741 3997 qui
765 3916 891 3973 relstsm
910 3934 929 3973 a
952 3914 1110 3993 sigeberto
1126 3913 1276 3992 insignem
1292 3908 1358 3967 cia·

257 3990 328 4053 dem
348 3993 530 4061 describunt.
573 4003 676 4082 itaque
692 4003 791 4079 mogis
807 4010 928 4060 strenue
943 4010 1046 4059 contre
1059 4000 1167 4059 Persas
1180 4018 1213 4057 se
1228 3995 1360 4076 gessisse

256 4078 431 4139 Heraclium
451 4086 485 4141 in
505 4087 625 4145 Oriente
639 4105 733 4166 quam
746 4096 848 4145 contra
860 4085 1003 4145 barbaros
1017 4085 1209 4163 Sigebertum
1221 4084 1256 4141 in
1269 4082 1359 4142 Occi·

256 4162 346 4224 dente
367 4165 470 4225 forsan
492 4169 590 4228 innuit
607 4177 715 4250 poete,
740 4172 801 4229 nisi
818 4171 912 4229 etism
928 4170 1019 4230 mdis
1037 4189 1100 4231 non
1116 4167 1157 4228 ed
1167 4168 1358 4247 sigebertum

256 4247 311 4308 sed
326 4248 367 4310 sd
377 4252 582 4331 Dagobertum
594 4257 737 4315 Francius
753 4274 859 4336 regem
873 4258 1059 4335 respexisse,
1081 4256 1135 4336 qui
1148 4273 1209 4336 quo
1222 4264 1357 4329 tempore

256 4336 413 4399 Heraclius
426 4358 496 4401 cum
506 4342 607 4401 Persis
618 4342 786 4423 pugnabat,
808 4342 946 4403 Ssxones
958 4344 1092 4421 primum
1104 4351 1134 4399 et
1147 4336 1257 4399 deinde
1270 4334 1359 4396 ses-
