3017 4900
415 332 670 404 DESCRIPTIO
693 334 730 405 S.
755 333 944 404 SOPHIAE.
1164 335 1234 411 111

129 523 238 566 arcum
253 499 406 564 interdum
422 499 516 576 duos,
537 501 612 581 pins
624 494 742 577 duwe,
770 496 875 566 ἄλλοτε
887 499 921 566 dl
934 495 1007 580 dtis,
1033 501 1099 564 fieri
1116 501 1237 580 dehere,

128 590 258 651 tandem
278 590 421 669 angelum
440 589 629 666 imperatoris
649 585 757 648 habitu
776 585 1005 650 architectorum
1023 591 1167 670 magistro
1179 611 1237 672 ap-

129 681 286 758 paruisse,
313 677 561 756 praecepisseque
582 682 618 732 ut
638 674 790 754 cpipnsoc
811 670 891 755 μύαξ
914 697 968 734 seu
988 677 1100 754 triplex
1121 675 1236 736 concha

129 765 225 837 fieret,
242 773 273 820 et
288 757 340 824 daci
353 763 444 840 spida
456 763 565 833 στοῶν,
583 778 637 837 per
650 761 802 838 triplicem
814 762 962 839 porticum
979 761 1035 840 (ita
1050 765 1235 842 superiorem

130 846 264 908 conchae
282 846 572 906 concamerationem
585 845 738 924 appellare
753 843 894 906 videntur
906 845 1085 925 Graeculi),
1116 867 1236 908 sacrum

128 935 219 992 hema
235 934 401 1011 calipsum
416 931 511 990 altare
525 931 763 1005 illuminaretur,
791 933 825 990 in
839 935 961 992 nornine
977 935 1114 1011 patriast
1133 931 1189 992 lilii
1203 944 1235 992 et

127 1021 253 1098 spiritns
275 1021 393 1091 sancti3
423 1026 514 1096 atque
540 1017 584 1074 ita
610 1017 760 1096 triplicem
786 1013 933 1078 concham
960 1018 1127 1078 conlectam
1155 1038 1231 1080 esse.
1248 1023 1271 1078 P
1289 1023 1341 1080 568

129 1108 218 1186 quasi
230 1123 304 1162 vero
316 1114 476 1182 antequam
490 1104 575 1180 operi
592 1121 717 1162 mantua
730 1099 935 1164 admovissent
950 1101 1119 1179 architecti,
1141 1107 1233 1164 totius

128 1189 213 1248 sedis
232 1208 295 1248 non
307 1189 413 1253 fuisset
428 1186 579 1246 delineata
591 1188 688 1246 forma
701 1206 736 1246 ac
749 1187 860 1268 figura3
891 1187 974 1269 qnod
990 1188 1099 1250 diserte
1117 1187 1155 1248 de
1171 1191 1233 1250 Sc·-

126 1275 241 1356 phiana
254 1273 348 1332 tradit
358 1274 536 1352 Procopius,
558 1273 610 1331 ubi
622 1270 660 1331 de
672 1271 837 1334 Anthemio
852 1273 1031 1335 architecto:
1055 1273 1137 1334 hunc
1148 1278 1232 1334 enim

127 1358 306 1421 condendae
330 1357 414 1418 aedis
438 1360 567 1438 figuram
587 1357 753 1418 delineatae
772 1379 807 1418 ac
827 1355 1000 1438 designatae
1021 1363 1138 1420 scribit:
1168 1368 1231 1424 sois

127 1443 342 1527 γενησομένων
355 1439 620 1523 προδιασῃευᾶζων
633 1440 807 1523 ἰνδάλματα.
850 1447 894 1506 ita
915 1448 1029 1525 passim
1047 1465 1144 1524 nugas
1161 1466 1230 1506 suas

127 1533 277 1612 imperitis
300 1530 457 1589 venditant
477 1530 648 1609 nugigeruli
669 1549 705 1588 ac
723 1531 904 1589 recentiores
916 1533 1032 1591 Graeci.
1076 1533 1230 1592 enimvero

129 1619 164 1677 ab
184 1616 247 1676 hac
264 1617 377 1696 triplici
395 1613 508 1674 concha
530 1615 693 1674 trichoram
706 1617 844 1693 opss'dem
860 1614 971 1676 dictam
983 1619 1049 1676 vult
1063 1617 1230 1678 Salmasius

127 1702 209 1784 apud
218 1705 400 1761 Paulinum:
418 1701 553 1780 relr‘quiis
565 1701 768 1778 apostolorum
783 1712 811 1758 at
822 1713 989 1779 martyrum
999 1704 1080 1760 hatra
1094 1703 1231 1782 cipridem

126 1788 293 1847 trichomn
312 1786 368 1846 suh
385 1787 480 1845 altari
493 1789 630 1845 moratis.
675 1789 719 1845 sic
735 1789 816 1844 enirn
830 1786 993 1866 legendum
1009 1787 1162 1847 contendit
1175 1807 1230 1868 pro

127 1874 262 1932 meliora
278 1871 335 1931 sub
355 1872 483 1943 citatim
505 1874 553 1930 cui
571 1872 724 1932 subscribo
745 1873 871 1947 lubens,
902 1892 971 1932 oum
992 1876 1115 1932 unicum
1139 1873 1231 1934 fuerit

128 1961 223 2019 altare
234 1961 270 2016 in
283 1958 388 2037 apside
402 1977 458 2016 seu
472 1956 591 2032 absida,
613 1969 704 2037 atque
719 1957 795 2018 adeo
810 1961 843 2016 in
855 1969 917 2018 tota
933 1957 1008 2018 aede
1025 1979 1123 2034 sacra,
1149 1958 1232 2039 quod

127 2058 155 2104 et
167 2046 249 2104 intra
267 2046 338 2102 satis
354 2042 478 2104 indicat.
521 2063 593 2102 nam
607 2052 723 2102 constat
735 2043 868 2102 trichora
881 2043 960 2105 dicte
973 2046 1065 2104 fuisse
1082 2064 1117 2103 ea
1134 2045 1232 2110 tricli-

126 2134 175 2189 nia
192 2149 274 2212 qnae
294 2129 390 2188 tribus
411 2131 537 2188 cameris
555 2125 677 2188 conchis
691 2140 743 2187 aut
757 2129 892 2209 partibus
908 2131 1098 2205 constabant,
1127 2133 1231 2190 cuius-

125 2215 209 2276 modi
229 2216 291 2273 fuit
310 2213 390 2274 illud
405 2213 445 2273 de
462 2233 522 2295 quo
534 2216 710 2296 Spartianus
723 2216 756 2274 in
772 2218 834 2276 rita
846 2215 1021 2274 Pescennii:
1044 2215 1150 2274 domus
1167 2219 1232 2276 auis

125 2301 215 2360 hodie
227 2302 337 2360 visiun
349 2303 383 2358 in
399 2321 506 2380 canapo
522 2301 618 2373 Iovis,
638 2320 717 2381 qam
731 2300 907 2379 appellatam
923 2302 1096 2371 Pescennii,
1118 2302 1152 2360 in
1169 2321 1232 2381 qua

125 2387 327 2446 mianum
339 2388 403 2444 eius
417 2389 451 2444 in
465 2386 593 2445 trichoro
607 2387 770 2446 constitisti.
814 2406 913 2468 neque
928 2389 1010 2446 enim
1025 2385 1136 2446 arridet
1150 2390 1232 2450 eius·

125 2472 197 2533 dem
210 2474 356 2533 &lmasii
367 2475 553 2547 coniectura,
587 2476 640 2553 qai
654 2472 820 2531 uictoriam
837 2473 992 2551 fastigium
1013 2471 1120 2533 domus
1135 2474 1230 2533 inter-

124 2570 263 2641 pretatus
277 2569 332 2617 est.
353 2578 426 2617 nam
439 2556 498 2618 hoc
512 2560 579 2620 loco
591 2558 756 2617 umbem
769 2569 818 2625 ,eat
832 2560 997 2619 triclinium
1010 2561 1096 2618 istius
1112 2557 1229 2633 domus,

124 2646 236 2720 tribus,
270 2653 306 2703 ut
328 2642 412 2718 dixi,
445 2649 571 2705 cameris
594 2654 751 2719 constans,
780 2644 948 2705 cuiusmodi
962 2655 1032 2705 sunt
1045 2646 1080 2703 in
1098 2646 1230 2727 antiquis

123 2731 317 2791 monasteriis
335 2730 508 2804 refectoria,
540 2750 617 2811 quae
631 2728 703 2790 iude
719 2730 853 2789 annom
867 2740 896 2787 et
911 2730 1054 2789 sutoria
1071 2730 1231 2811 appellata·
1319 2794 1321 2799 ,

125 2827 184 2875 tur.
211 2816 314 2874 Gloss.
327 2815 442 2875 Saxon.
457 2817 598 2875 helfrici:
629 2814 848 2878 Tricorumcei
865 2816 1058 2887 ilicltithsm,
1081 2816 1230 2875 Gereord·

126 2902 195 2961 icus.
212 2903 236 2959 i.
253 2899 361 2959 domus
378 2900 565 2975 refecu'onis3
588 2920 649 2981 qua
665 2904 787 2961 notione
803 2903 956 2959 tricurium
977 2922 1031 2962 seu
1054 2901 1230 2959 trs'cltorium

126 3001 255 3066 usurpat
269 2984 427 3045 Ordericus
441 2988 547 3046 Vitalis
561 2990 582 3045 l.
597 2992 616 3049 3
631 2997 661 3045 et
673 2991 693 3049 6
717 3007 748 3065 p.
762 2985 825 3051 495
845 2997 874 3045 et
889 2992 961 3053 603.
1006 2998 1036 3045 at
1050 2988 1177 3045 loannes
1191 2986 1229 3043 de

124 3076 221 3131 Ianua
239 3070 415 3129 triclinium
433 3072 555 3129 domm
574 3074 656 3129 trino
671 3072 896 3129 convivantium
918 3074 1045 3131 sessione
1058 3071 1232 3129 ordinatam

124 3178 192 3217 esse
206 3160 267 3233 ait,
296 3155 554 3237 quemadmodum
572 3159 671 3216 solent
692 3154 834 3216 monachi
845 3158 878 3213 in
897 3159 960 3215 suis
974 3156 1139 3215 refectoriis
1155 3176 1229 3215 con-

123 3242 237 3303 sidera.
271 3244 416 3321 ligationi
428 3262 500 3302 vero
517 3241 627 3303 dicitur
639 3241 814 3301 antarum
827 3242 911 3299 iccata
924 3243 1010 3305 unta
1022 3244 1124 3321 ignem
1136 3262 1231 3302 causa

117 3330 264 3408 prandii,
294 3326 408 3386 habam
427 3348 562 3387 comaco
582 3329 705 3387 veltres
718 3326 853 3387 absidas.
898 3325 1091 3385 octochorum
1103 3330 1231 3387 occurrit

120 3418 158 3472 in
178 3416 376 3493 inscriptione
397 3412 437 3471 ad
453 3414 569 3476 fontem
582 3416 615 3475 S.
630 3412 780 3488 Theclae,
809 3411 974 3471 Mediolani
990 3414 1053 3475 αδ.
1067 3412 1228 3474 Ambrosio

123 3511 268 3575 exarata,
298 3497 381 3580 apud
393 3499 511 3559 Gruter.
527 3502 609 3567 1666
630 3504 662 3565 8.
704 3500 748 3559 ita
760 3518 849 3579 porro
864 3498 979 3559 concha
990 3496 1146 3579 Sophiana
1160 3498 1229 3557 effi-

122 3597 171 3644 cta
186 3596 251 3658 est,
281 3595 316 3644 nt
337 3585 416 3643 ultra
437 3588 533 3665 pilas,
564 3596 593 3645 et
616 3604 676 3667 qua
689 3595 776 3665 parte
790 3587 920 3664 parietes
938 3584 978 3645 ad
993 3584 1230 3644 laterabematis

123 3670 288 3744 desinunt,
309 3671 423 3729 sinuat-i
438 3674 563 3752 incipiat
575 3674 609 3729 iu
621 3672 752 3732 formam
767 3669 996 3751 hemicylindri,
1018 3690 1073 3730 seu
1089 3669 1142 3729 ubl
1156 3690 1230 3749 pro-

122 3776 247 3816 currere
268 3767 386 3815 cessam
410 3760 543 3836 porticus
564 3760 598 3815 in
619 3760 761 3817 interiore
781 3756 873 3831 aede3
918 3754 1001 3838 quod
1020 3754 1168 3815 Paulinus
1192 3753 1231 3813 da

121 3843 242 3921 templo
256 3842 290 3901 S.
304 3842 415 3901 Felicis
427 3862 520 3922 agens
533 3846 578 3902 sic
592 3841 765 3923 descripsit:
797 3854 892 3901 totino
905 3862 974 3901 veru
988 3851 1072 3900 extra
1086 3840 1232 3899 concisam

123 3928 272 3986 baetim
291 3930 426 4005 epactas
441 3928 504 3987 olto
518 3940 547 3987 et
564 3928 707 3987 hounato
719 3928 852 3987 cselms'rse
861 3930 993 4008 gemmis
1007 3928 1147 4005 ute-inque
1155 3948 1233 4005 pos-

122 4012 237 4071 ticibus
249 4012 407 4071 diamur.
453 4013 539 4073 addit
551 4015 715 4095 Procopius
733 4013 865 4075 conchae
879 4012 1050 4092 Sophianae
1070 4014 1230 4073 imminere

122 4100 229 4158 nescio
244 4117 338 4182 qnam
348 4108 526 4159 structuram
538 4102 685 4179 μηνοειδῆ
700 4120 755 4161 seu
770 4101 898 4159 bicornis
912 4100 1003 4157 lunae
1016 4100 1112 4159 instar
1125 4102 1230 4158 sistua-

122 4194 207 4257 tam;
230 4202 309 4264 quae
322 4186 414 4243 simul
427 4189 627 4245 concinnitate
642 4184 889 4260 admirationem,
911 4186 1004 4245 simul
1020 4183 1129 4243 dubiae
1145 4204 1230 4243 com·

122 4272 213 4349 pagis
225 4271 325 4348 specie
341 4272 482 4331 timorem
497 4274 593 4353 parit,
615 4281 742 4353 atquae
758 4288 856 4353 neque
870 4266 1008 4329 videatur
1020 4268 1151 4349 pendere
1165 4280 1228 4345 tuo,
1323 4300 1327 4315 ι

124 4366 156 4415 et
167 4357 309 4438 meantis
323 4354 495 4419 humine
506 4360 636 4435 nitatur,
659 4358 829 4440 pauculum
841 4366 945 4419 tamon
960 4365 1089 4419 ostentet
1101 4356 1145 4415 ibi
1161 4374 1230 4415 ver-
