3017 4900
106 1144 437 1257 msaaffl
490 1137 811 1299 Mamas
867 1129 1367 1308 Qnaaawffl.

303 1356 338 1444 F
375 1357 415 1445 L
459 1352 500 1445 O
537 1356 652 1443 RE
694 1358 733 1446 N
770 1360 813 1449 T
849 1364 947 1495 ΙΝ
983 1364 1005 1455 Ι
1486 1342 1487 1345 ‘

107 1527 111 1537 ¹
166 1546 228 1603 nn
257 1546 464 1608 saonam
493 1544 657 1607 melna
683 1546 886 1625 amsans
915 1552 1138 1619 semem

395 1696 909 1817 ansaran1n

97 2064 284 2183 Georgius,
304 2107 359 2188 qni
370 2118 474 2189 postea
487 2104 631 2169 diaeonus
645 2109 819 2190 Cpnlitanns
832 2109 905 2187 fuit,
929 2131 948 2170 a
963 2110 1095 2189 Pisidia,
1117 2128 1196 2196 qnae

94 2219 160 2266 erat
177 2209 270 2265 Asiae
286 2212 411 2270 minutis
427 2214 510 2291 regio
525 2214 604 2272 inter
617 2210 747 2292 Lydiam
761 2210 926 2295 Phrygiam
945 2225 975 2273 et
988 2216 1108 2275 Cariam
1121 2234 1196 2275 eon-

94 2314 215 2387 stitnta‚
243 2304 351 2371 habuit
380 2314 544 2393 originem,
574 2311 655 2373 unde
676 2327 875 2395 adgnomenta
896 2315 1000 2378 Pisida
1021 2314 1118 2375 dietus
1139 2326 1196 2379 est·

92 2416 214 2494 plures,
235 2434 294 2473 nee
310 2419 395 2496 parvi
417 2416 542 2499 quidem
564 2418 697 2476 nominis
714 2418 804 2477 urbes
816 2438 834 2476 a
847 2418 999 2479 veteribus
1014 2416 1194 2499 geographis

91 2529 302 2578 memorantur
322 2520 356 2576 in
378 2519 509 2580 Pisidia:
537 2517 593 2579 sed
610 2539 681 2578 sam
692 2520 803 2578 nullibi
819 2521 965 2598 Georgius
980 2523 1108 2600 patriam
1122 2539 1194 2600 psa-

91 2619 207 2680 didesit
224 2623 328 2696 suam,
350 2623 388 2680 ab
408 2624 476 2703 ipsa
491 2625 591 2702 potius
604 2625 727 2701 regione
745 2621 855 2680 Pisida
870 2641 962 2702 quam
977 2623 1065 2682 aliter
1082 2621 1119 2680 ab
1135 2623 1194 2680 ali-

89 2743 153 2804 qua
178 2725 299 2781 civitate
317 2724 519 2786 nominandus
543 2727 636 2786 venit.
678 2723 712 2784 id
734 2735 838 2784 autem
857 2726 1043 2804 cognominis
1064 2721 1194 2784 diversi-

87 2825 183 2884 mode
203 2827 349 2904 seriptum
367 2829 401 2886 in
418 2848 485 2888 mss
502 2826 655 2886 eodicibus
672 2829 840 2904 invenitus,
862 2829 1029 2904 Hsosidav,
1051 2827 1192 2902 usellen,

87 2929 240 2992 Πισιδίαν
247 2968 259 3003 ,
277 2931 431 3008 Πησίδυυ,
455 2930 594 3009 Hatita,
618 2931 800 3006 Hestiaiotis,
822 2931 981 3004 lissidona.
1012 2927 1192 3008 aaStepba-

84 3053 151 3090 nus
165 3028 291 3112 quidem
301 3034 485 3111 Byzantinus
498 3032 536 3089 de
553 3030 687 3090 Urbibus
699 3050 762 3106 eos,
785 3033 838 3110 qni
853 3053 869 3088 e
883 3029 998 3090 Pisidia
1011 3033 1069 3090 orti
1081 3041 1190 3106 essent„

86 3135 226 3206 Πισίδας
239 3143 268 3190 et
284 3136 421 3209 Πισιὸεῖς
434 3133 580 3214 appellati
593 3130 741 3207 ostendit,
762 3131 844 3212 quod
856 3135 953 3192 Lucas
968 3133 1141 3192 Holstenius
1158 3133 1190 3193 in

83 3241 152 3296 suis
166 3235 207 3296 ad
220 3235 349 3295 eundem
362 3233 552 3315 Stephanum
567 3234 811 3314 castigationibus
835 3235 1035 3308 confirmavit,
1057 3233 1189 3293 referens

83 3339 172 3420 apud
184 3337 337 3419 Pyrrhum
350 3339 505 3416 Ligarium
518 3349 637 3398 exstare
648 3357 824 3413 nummum,
846 3339 879 3396 in
893 3356 952 3417 quo
965 3339 1102 3396 Minerva
1113 3334 1188 3396 duos

80 3443 192 3501 leones
205 3452 307 3518 tenet,
329 3459 398 3499 eam
412 3440 575 3520 epigraphe
590 3443 833 3504 ΠΙΣῙΔΑΙΩΝ.
874 3439 908 3497 in
924 3439 1070 3499 Strabone
1087 3449 1189 3498 autem

78 3544 139 3602 lde.
156 3547 169 3607 1
181 3565 218 3623 p.
229 3549 271 3610 60
289 3545 381 3602 etiam
394 3543 566 3620 Matienoi,
588 3546 670 3628 quie
682 3541 797 3603 Pisidia
810 3551 923 3615 essent,
945 3539 1186 3603 denominantur.

79 3657 112 3705 at
127 3667 149 3705 a
166 3647 321 3705 Clemente
333 3648 424 3706 Alex.
440 3657 510 3706 tom.
524 3649 542 3710 1
556 3669 594 3726 p.
605 3649 647 3711 61
663 3643 824 3706 Cleanthes
839 3641 1038 3723 philosophus
1056 3643 1185 3716 Stoicus,

76 3747 208 3832 quode
230 3748 364 3826 Pisidia,
385 3759 420 3808 ut
436 3759 539 3812 noster
560 3751 724 3827 Georgius,
746 3759 826 3810 esset
849 3745 1009 3819 anundus,
1033 3735 1187 3816 Πισαόεύς

76 3853 272 3932 appellatum
296 3849 420 3932 proinde
440 3871 502 3910 uon
521 3863 601 3910 reete
622 3851 805 3931 Sylburgius
824 3859 853 3908 et
872 3849 1029 3924 Mensgius
1044 3853 1186 3924 putarunt

73 3955 124 4012 ibi
138 3947 265 4028 Ἀσσεῦς
278 3973 333 4034 pao
349 3948 501 4027 Πισαᾰεῦς
514 3955 656 4014 substitui
669 3952 790 4028 debere,
813 3951 952 4032 quamvis
965 3957 1080 4006 certum
1092 3949 1131 4006 sit
1145 3963 1186 4006 ex

73 4059 163 4114 Asso
181 4059 294 4136 Lyciae
315 4055 388 4118 urbe
409 4066 509 4117 ortum
525 4077 591 4115 ease
610 4053 805 4128 Cleanthem:
826 4054 933 4112 maluit
948 4051 1031 4110 enim
1047 4050 1186 4114 Clemens

73 4175 162 4216 eum
181 4176 199 4214 a
220 4159 375 4237 provincia
397 4157 563 4217 Pisadsum
579 4177 671 4239 qnam
689 4179 708 4218 a
724 4158 821 4238 pateis
836 4156 910 4216 urbe
923 4152 1056 4212 Aeaeum
1068 4170 1187 4225 vocare.

71 4269 220 4320 ceterum
236 4279 296 4321 una
318 4281 335 4320 ο
404 4277 455 4318 um
476 4265 743 4322 consentiensvex
761 4269 825 4334 est,
844 4255 963 4318 Pisidas
979 4256 1072 4314 fuisse
1088 4272 1187 4333 quon-

71 4362 156 4422 dam
181 4361 320 4443 Solymos
338 4373 544 4442 nuncupatos3
567 4385 603 4424 aa
621 4368 689 4425 suis
704 4381 824 4445 quoque
839 4359 1024 4440 comparibus
1041 4351 1188 4436 quosdam

122 4471 225 4544 θεοῖς.
249 4471 334 4528 Pisid.
960 4461 978 4521 1
