3017 4900
209 449 213 456 ·
313 403 384 474 120
435 397 1322 483 Qttuaclusutuxruulr.ns1t510sssclt.m

310 565 500 650 expandente
514 566 651 628 diabolus
667 576 823 646 superatus
837 575 893 626 est.
915 563 1125 626 Theodoretus
1138 565 1260 642 Quom.
1270 563 1415 624 inExod.

309 655 368 720 84:
388 657 445 716 sori
464 651 691 736 στανρωθὲνῐος
713 649 791 734 νπὲρ
811 649 903 732 ἡμῶν
925 646 1057 734 ἐπλήρου
1079 648 1133 716 τὸν
1153 644 1254 712 τόπον
1269 649 1415 712 ἐντείνων

309 735 363 812 seir
385 743 498 820 χεῖρας·
535 737 657 820 ἐδείχθη
685 737 790 800 τοίνυν
810 736 864 800 sal
885 735 918 799 ἐν
944 741 986 820 τῷ
1014 730 1100 822 τύπῳ
1128 740 1183 817 τῆς
1212 730 1359 814 ἀληθείας
1389 733 1415 815 ἦ

308 819 389 889 δῦνα
412 846 448 898 ις.

388 847 468 972 518.
510 903 608 966 Esod.
626 909 646 970 8
668 907 698 968 P.
742 901 834 964 deum
847 925 879 963 re
893 923 964 963 vera
978 906 1029 963 vel
1046 903 1096 964 dei
1110 904 1217 980 filium,
1238 923 1299 963 non
1313 923 1413 984 ange·

311 997 376 1054 lum
389 992 561 1073 apparuisse
573 993 651 1051 Mosi
664 989 775 1050 diserte
786 1000 913 1050 testatur
925 989 1038 1065 Pisida,
1059 1001 1196 1050 veterum
1208 1000 1328 1069 patrum
1339 991 1413 1068 opi-

309 1080 395 1140 nioni
415 1081 619 1154 consentiens,
648 1094 724 1157 quos
741 1075 846 1136 laudat
868 1075 1031 1137 Calmetius
1053 1078 1087 1136 in
1106 1078 1170 1134 suis
1188 1075 1350 1156 Genauam.
1373 1077 1413 1131 in

309 1161 467 1312 Ewdllll.
510 1243 601 1306 deum
615 1243 648 1302 in
662 1244 736 1305 rubo
750 1245 927 1325 loquentem
944 1244 1037 1304 fuisse
1057 1245 1184 1306 verbum
1197 1253 1336 1304 conatam
1348 1244 1411 1304 fuit

310 1333 501 1416 antiquorum
515 1331 671 1392 sententia.
714 1329 828 1389 videsis
842 1329 874 1388 S.
891 1331 1039 1408 cyrillum
1053 1333 1170 1390 Hieros.
1188 1329 1307 1389 canet.
1324 1332 1366 1394 10
1377 1339 1411 1388 et

310 1425 362 1484 11.
407 1427 438 1476 at
454 1437 526 1476 vero
546 1415 656 1475 rubum
673 1415 897 1476 inoombustum
917 1413 966 1473 dei
978 1414 1411 1494 inoarnatiouemsignifiuasse

180 1482 185 1510 Ἰ
308 1523 398 1562 nemo
412 1522 474 1562 uon
490 1501 659 1560 uffinnarit.
682 1501 774 1559 rubus
791 1500 888 1558 caruis
903 1510 966 1558 erat
980 1500 1162 1579 symbolum,
1185 1511 1216 1560 et
1232 1502 1310 1580 ignis
1325 1498 1411 1557 diri-

308 1590 429 1648 nitatis:
454 1589 531 1648 siout
555 1595 656 1644 autem
676 1587 757 1666 ignis
781 1585 905 1660 rubum,
933 1587 977 1642 ita
997 1583 1092 1645 deitas
1112 1582 1330 1645 humanitatem
1344 1604 1411 1644 non

308 1675 510 1752 consumpsit3
538 1669 619 1730 unde
643 1669 718 1730 duas
736 1673 769 1728 in
787 1667 904 1730 Christo
921 1689 987 1730 esse
1000 1682 1122 1730 naturas
1139 1673 1273 1750 integras
1287 1671 1410 1730 illaesas

308 1769 339 1818 et
355 1758 528 1818 inconfusas
547 1756 707 1815 manifeste
724 1756 881 1816 evincitur.
924 1773 985 1835 quo
1010 1775 1082 1814 sane
1106 1758 1226 1836 respioit
1247 1753 1349 1816 Pisida
1367 1753 1410 1814 ad

308 1839 506 1902 ooufirtandas
519 1839 658 1899 haereses
671 1841 719 1900 sui
731 1842 875 1918 temporis
890 1841 1025 1900 maxime
1040 1843 1183 1900 intentus.
1210 1837 1311 1900 dicens
1324 1842 1411 1898 enim

308 1925 391 2009 quod
403 1929 502 1987 Moses
519 1918 712 2007 ἆπηκρίβωσε
733 1919 791 2003 τήν
812 1920 910 2005 pio'yu
926 1923 960 1988 ἐν
977 1919 1079 2008 βάτῳ.
1106 1923 1159 1989 sul
1176 1921 1235 2004 τήν
1257 1919 1353 2006 βάτον
1369 1919 1408 1987 osi

306 2011 534 2092 πεφλεγμὲνην,
556 2008 630 2069 duas
647 2011 679 2068 in
693 2009 749 2069 deo
764 2012 918 2068 incarnato
930 2028 992 2070 non
1006 2012 1144 2072 confusas
1156 2022 1279 2070 naturas
1289 2013 1409 2070 Mosam

308 2098 484 2176 cognovisse
501 2105 603 2153 oontra
614 2092 841 2174 monophysitas
856 2093 995 2154 affirmat.

391 2180 465 2244 421.
508 2177 611 2238 Pisida
629 2190 733 2238 auctor
751 2189 797 2238 est
811 2181 929 2240 Mosam
944 2189 1008 2240 tam
1027 2190 1218 2258 praesentem
1234 2179 1327 2238 irrisae
1348 2175 1408 2238 deo

306 2275 340 2324 ut
355 2265 420 2346 ipse
435 2262 511 2324 deus
524 2265 660 2341 Morem,
685 2275 719 2324 ut
739 2272 818 2338 erat,
847 2283 935 2322 earne
954 2267 1096 2326 vestitum
1115 2263 1240 2340 viderit,
1263 2275 1293 2324 et
1306 2265 1408 2322 Moses

307 2352 397 2410 etiam
411 2369 473 2410 non
488 2351 595 2430 spiritu
610 2345 665 2408 sed
685 2351 816 2435 σαρκικῇ
835 2350 969 2435 θεωρίᾳ,
993 2371 1080 2425 vere,
1104 2350 1243 2411 intuitive
1263 2359 1293 2408 et
1309 2349 1407 2407 oculis

306 2436 476 2497 carnalibus
495 2434 588 2495 deum
609 2437 808 2516 conspexerit.
851 2431 1035 2515 disputatum
1059 2433 1184 2519 quidem
1204 2445 1250 2496 est
1276 2435 1406 2514 saepius,

306 2519 457 2603 quomodo
474 2519 567 2580 deum
579 2521 709 2583 viderint
720 2524 820 2582 Moses
830 2520 955 2581 Paullus
971 2532 1001 2579 et
1012 2518 1193 2601 prophetae:
1216 2523 1248 2581 S.
1265 2522 1407 2579 henaena

304 2617 410 2665 consa
422 2606 556 2665 danesse
575 2604 628 2665 tib.
645 2605 666 2669 4
685 2628 712 2664 c.
730 2612 773 2671 20
792 2609 947 2666 neminem
968 2604 1059 2666 deum
1077 2604 1190 2665 vidisse
1210 2606 1289 2667 sauia
1303 2603 1342 2663 ad
1357 2606 1407 2663 fa-

304 2694 398 2765 eiem,
421 2694 510 2749 siouti
524 2700 585 2767 est,
607 2691 710 2749 multis
724 2690 831 2771 probat
845 2692 1041 2770 argumentis.
1082 2710 1145 2750 nou
1160 2692 1331 2766 monifeste,
1352 2692 1405 2765 ait,

304 2779 404 2855 spssurn
412 2775 532 2855 faciem
546 2776 597 2833 dei
608 2774 752 2835 videbant
761 2774 941 2853 prophetae,
968 2776 1023 2835 sed
1035 2776 1241 2855 dsspmtlsones
1255 2788 1284 2834 et
1296 2786 1406 2854 mete-

304 2862 366 2931 ria,
390 2880 449 2939 per
465 2880 543 2941 ριιαε
557 2862 698 2941 inciperes
711 2858 799 2919 honio
812 2860 912 2919 vidue
925 2860 1024 2922 mum.
1072 2881 1149 2943 quae
1162 2861 1255 2921 rerba
1270 2880 1339 2921 oum
1356 2862 1405 2935 iis,

305 2965 384 3028 quae
398 2943 435 3004 de
449 2944 507 3005 hao
522 2966 554 3003 re
566 2944 658 3005 tradit
670 2957 756 3005 vettu
769 2946 907 3024 inprimis
922 2957 1034 3022 auctor,
1056 2949 1119 3007 sive
1131 2948 1295 3027 Dionysius
1308 2949 1406 3005 Areo·

303 3033 423 3112 pergite,
447 3032 484 3090 de
497 3030 572 3090 cael.
586 3032 676 3090 Hier.
693 3052 719 3089 c.
740 3030 796 3096 4¹3
818 3032 942 3089 mirifice
958 3033 1149 3092 eonveniunt.
1191 3036 1317 3091 Irenaeo
1331 3050 1405 3090 oon-

303 3118 436 3177 sentiunt
448 3118 551 3196 plures
566 3136 606 3176 sa.
621 3126 736 3197 patres,
771 3134 846 3197 quos
863 3118 942 3176 inter
956 3116 1156 3179 consulendus
1170 3118 1203 3177 S.
1217 3120 1405 3195 Augustinus

303 3200 689 3267 ltotsdeGermdttt.
714 3202 916 3277 astons,
941 3201 1407 3267 ceramussense

304 3291 355 3361 18,
376 3288 431 3365 qui
449 3298 567 3347 sanotos
581 3290 661 3347 viros
674 3296 703 3345 et
715 3282 876 3366 prophetas
888 3305 951 3344 non
966 3286 1096 3365 oorpon's
1111 3285 1165 3348 sed
1180 3290 1286 3346 mentis
1300 3285 1404 3361 oculo,

303 3381 450 3447 quantum
469 3370 587 3431 homini
601 3375 648 3432 fes
662 3373 736 3447 fuit,
767 3368 900 3431 divinam
914 3362 1076 3432 essentiam
1088 3375 1300 3455 introspexisse
1315 3390 1406 3430 asse-

231 3460 233 3463 ’
301 3464 394 3511 verat.

386 3536 460 3603 431.
503 3534 623 3621 αὐτοῖς]
646 3538 787 3599 videlicet
800 3546 863 3616 τοῖς
876 3540 1000 3617 τέκνοις.

385 3622 459 3689 482.
502 3623 540 3684 de
556 3625 654 3684 forma
670 3626 802 3685 Heraclii
826 3626 928 3685 confer
947 3646 1068 3687 versum
1084 3628 1125 3690 99
1149 3623 1275 3687 huiusoe
1289 3626 1406 3685 Atma-

301 3727 379 3768 seos.

384 3791 458 3858 488.
502 3790 610 3855 alludit
624 3790 663 3853 ad
678 3814 790 3877 equum
806 3796 888 3873 solis,
910 3792 1023 3879 dequo
1038 3795 1169 3853 Acroce.
1189 3799 1203 3859 1
1220 3800 1274 3861 28.

386 3875 459 3943 439.
503 3878 643 3960 σέβοντες
654 3900 708 3961 pro
723 3874 891 3960 σεβόντων,
921 3881 1035 3940 scilieet
1056 3881 1088 3944 οἳ
1109 3878 1232 3961 σέβουσι
1251 3875 1326 3960 μετὰ
1343 3902 1408 3960 χεν-

301 3964 364 4041 ρνῖν
379 3956 495 4044 despuis
506 3962 702 4046 ἤπλωμένων.
724 3968 831 4024 Persas
848 3969 890 4023 ita
903 3976 1106 4047 repraesentat
1118 3963 1271 4024 incondite
1285 3967 1406 4023 iaetan-

300 4057 346 4104 tes
361 4048 579 4132 tendentesque
595 4050 634 4111 ad
647 4053 765 4111 caelum
776 4070 899 4126 manus,
923 4062 956 4109 ut
976 4060 1108 4131 opponat
1126 4048 1318 4126 Christianis,
1348 4052 1405 4131 qui

301 4131 440 4191 manibus
457 4154 548 4213 supra
559 4147 663 4216 peetus
682 4140 714 4195 in
734 4138 864 4195 formam
884 4137 981 4195 crucis
995 4133 1113 4195 modioe
1128 4138 1287 4215 expansis,
1316 4144 1351 4192 ut
1368 4136 1405 4191 in

300 4216 404 4275 multis
418 4221 549 4299 antiquis
563 4224 767 4281 monumentis
781 4220 883 4281 videro
897 4231 952 4297 est,
974 4217 1067 4279 deum
1077 4218 1340 4299 deprecabantur.'

385 4300 458 4369 451.
500 4305 660 4365 Persarum
678 4306 846 4367 socordiam
861 4317 960 4381 taxat,
989 4324 1065 4386 quos
1084 4306 1195 4386 ubique
1215 4324 1279 4364 non
1297 4304 1406 4365 minus

300 4386 409 4469 impios
424 4408 516 4473 quam
531 4391 607 4453 viles
618 4392 700 4452 facit.
744 4402 876 4453 ceterum
892 4394 926 4452 in
946 4388 1030 4451 hisee
1050 4390 1165 4451 ultimis
1181 4390 1335 4451 versiculis
1346 4389 1403 4447 in-
