3017 4900
375 389 632 462 DESCRIPTIO
657 393 691 462 S.
717 393 907 464 sotum.
1139 395 1190 467 65

95 577 163 640 quas
173 575 272 640 nsque
285 553 326 617 ad
340 553 403 623 437
418 555 527 632 fuisse,
548 559 650 618 nescio
668 577 707 617 an
724 579 811 634 vere,
833 562 936 622 scribit
948 557 1098 638 cedinus,
1118 561 1191 642 igne

95 654 266 724 consumpta
294 643 455 724 procubuit
482 643 552 708 e.5
584 646 760 720 Iustiniani,
796 646 901 708 indict.
930 650 985 723 10,
1016 657 1085 728 post
1114 667 1192 708 coss.

95 727 247 808 {lampadii
265 739 295 788 et
310 729 422 790 Orestis
437 747 466 786 a.
482 731 519 804 2,
540 731 653 789 mensis
668 732 801 789 Ianuarii
815 731 872 807 16,
894 741 928 792 nt
939 742 986 792 est
995 734 1028 790 in
1041 729 1189 794 chronico

94 813 313 890 Alexandrin03
345 831 466 894 unaque
489 833 558 872 cum
581 833 616 872 ea
640 816 722 875 illius
744 817 893 876 tabularia
915 827 946 876 et
965 817 1191 898 privilegiorum

96 897 206 958 clnrtas
236 917 273 957 cc
301 897 453 957 redituum
480 899 629 959 interiisse
654 910 809 980 praeterea
834 911 938 961 auctor
960 912 1005 961 est
1025 901 1190 963 cedrenus.

96 985 205 1066 quaerit
225 983 345 1063 Gyllius
368 982 536 1064 (Descript.
552 985 599 1044 ΟΡ
617 989 638 1052 2
660 984 701 1065 8)
722 1005 799 1046 eone
817 987 885 1047 loco
903 988 995 1046 inerit
1009 1006 1120 1067 magna
1138 1007 1192 1047 eo-

34 1113 39 1122 .
95 1071 178 1128 olesia
205 1070 469 1142 Constantiniana,
498 1086 558 1149 quo
578 1081 683 1149 posteo
703 1069 811 1131 eedem
831 1070 1018 1153 Sophienam
1039 1075 1191 1133 exstruxit

95 1156 283 1214 iustinianus.
326 1151 484 1212 dubitandi
510 1157 697 1214 occasionem
725 1167 827 1218 movet
850 1167 953 1217 auctor
974 1159 1190 1238 Descriptionis

95 1241 187 1316 urbis,
215 1241 268 1320 qui
289 1239 321 1296 in
345 1242 367 1302 2
388 1240 510 1318 regione
532 1241 689 1300 ecclesiam
712 1261 855 1322 magnam
878 1253 910 1302 et
933 1243 1090 1302 ecelesiam
1109 1245 1191 1302 anti-

96 1343 198 1406 quam,
221 1327 429 1402 Augustarum
451 1343 523 1384 vero
545 1325 662 1402 forum,
684 1325 766 1407 quod
786 1325 870 1388 aedis
887 1326 1058 1407 Sophianee
1075 1348 1191 1410 propy-

95 1411 189 1469 laenm
206 1407 428 1490 quodammodo
441 1409 514 1485 fuit,
536 1412 569 1468 in
587 1411 742 1490 dregione
758 1415 871 1471 statuit.
913 1431 1019 1472 verum
1034 1411 1082 1472 his
1100 1432 1191 1492 repo·

95 1499 135 1554 uit
155 1496 291 1575 Gylliue,
313 1497 463 1553 zonarum
485 1505 515 1554 et
532 1496 608 1554 alios
628 1495 745 1556 tradere
760 1499 959 1556 lastinianum
972 1496 1079 1555 aedem
1091 1499 1191 1558 multo

95 1583 236 1640 maiorem
249 1599 267 1638 a
279 1577 482 1638 fundamentis
499 1583 663 1656 excitasse,
686 1593 716 1640 et
733 1578 840 1642 domos
854 1585 1009 1661 proximas
1026 1585 1135 1641 emisse
1150 1580 1191 1641 ed

96 1685 156 1723 erm
180 1663 367 1743 augendam,
389 1675 473 1723 utet
492 1667 699 1744 Augustarum
719 1667 835 1740 forum,
860 1669 931 1726 licet
951 1665 1076 1726 dirersis
1092 1669 1125 1725 iu
1139 1687 1190 1726 re-

96 1751 230 1828 gionibus
253 1759 413 1829 ponantur.
456 1761 558 1808 censet
581 1747 711 1832 denique
735 1753 885 1832 templum
908 1755 969 1811 enti
990 1771 1079 1825 uum,
1107 1749 1190 1834 quod

95 1833 179 1894 hodie
195 1837 273 1894 intra
288 1837 405 1913 regium
417 1845 536 1914 septum
552 1834 715 1896 includitur
728 1846 758 1895 et
772 1856 897 1918 parvam
910 1838 971 1918 Sop
996 1840 1057 1895 ‘am
1070 1845 1188 1912 vocant,

95 1939 156 1978 eun
173 1939 238 1978 esee
253 1921 411 1978 ecclesiam
424 1939 515 2001 quem
531 1921 612 1980 urbis
624 1923 792 2002 Descriptio
811 1925 965 2003 antiquam
984 1923 1133 2002 appellat3
1157 1931 1189 1981 et

95 2006 226 2063 nonnulli
250 2025 267 2062 e
289 2005 454 2084 cpolitanis
470 2007 591 2064 Graecis
610 2001 675 2065 esse
693 2007 801 2066 aedem
814 2007 847 2067 S.
862 2009 979 2082 lrenes,
1001 2027 1092 2089 quam
1107 2006 1189 2066 Gon-

95 2093 236 2150 stentinus
250 2091 337 2148 iuxta
352 2087 537 2170 Sophianam
552 2092 713 2166 excitarat,
733 2111 909 2172 persuasum
920 2091 1044 2151 hebent.
1127 2140 1131 2148 .

170 2175 202 2238 4.
244 2175 411 2253 Absumpta
431 2178 523 2254 igitur
542 2177 575 2234 in
593 2175 739 2236 seditione
760 2179 990 2237 Victodatorum
1006 2177 1120 2236 maiore
1136 2194 1189 2234 eo-

96 2260 179 2319 clesie
211 2261 457 2320 constantiniana
482 2280 536 2320 seu
562 2261 790 2338 Constantiana,
819 2263 1001 2322 lastinianus
1026 2263 1190 2339 imperator

96 2347 254 2425 compositu
278 2347 398 2404 civitate
421 2356 451 2404 et
474 2347 588 2426 punitis
615 2345 772 2406 seditionis
797 2347 986 2422 auctoribus,
1016 2365 1128 2404 novam
1157 2353 1189 2403 et

95 2429 175 2510 longe
197 2431 377 2510 ampliorem
398 2433 495 2511 coepit
514 2429 622 2491 eodem
645 2452 723 2492 enno
744 2430 952 2491 exaedificare.
994 2432 1188 2489 Marcellinus

97 2517 212 2575 Comes:
235 2516 360 2574 ecclesia
382 2526 453 2574 mne
472 2520 594 2576 incensa
615 2538 684 2575 mox
705 2520 800 2597 coepit
813 2516 854 2576 ab
871 2518 972 2576 eodem
981 2517 1125 2595 Angusto
1138 2536 1188 2573 re·

97 2604 203 2660 mouri.
249 2599 395 2681 Agathias
415 2601 469 2660 lib.
490 2602 529 2667 5:
551 2604 659 2664 τοῦτον
678 2599 712 2665 dl
733 2598 878 2687 πρότερον
896 2601 1107 2683 ἐμπρησθέντα
1123 2592 1186 2662 tired

96 2690 146 2747 rori
167 2680 269 2767 σημον
288 2680 409 2764 σφόδρα
428 2692 586 2768 περιφανῆ
608 2685 660 2749 καί
679 2681 857 2769 &conticuos
877 2684 984 2769 ηίίιιαν
1004 2686 1037 2750 ίιι
1056 2680 1187 2767 βάθρων

97 2764 191 2833 uisus
212 2770 267 2835 sul
286 2771 446 2855 κρηνίδων
470 2766 693 2853 taeterrimo,
728 2771 877 2857 μεγέθους
900 2795 931 2835 ιι
956 2769 1113 2856 ὖιιερβοίῇ
1135 2768 1189 2832 καί
1204 2774 1228 2829 P
1243 2776 1296 2833 528

98 2850 490 3002 tutatust
503 2857 638 3021 tritt
652 2851 1040 3007 σίκιννις.
1071 2856 1188 2997 izit}

96 3028 136 3083 rit
157 3046 273 3107 quoque
290 3027 370 3085 idem
385 3030 526 3105 princepe
546 3029 628 3085 intra
648 3024 751 3085 urbem
772 3026 890 3103 cpolim
910 3025 1027 3085 Christo
1053 3025 1187 3099 domino,

97 3112 147 3189 qui
163 3123 205 3170 ιιι
220 3114 371 3190 sapientia
392 3112 453 3183 det,
484 3112 641 3191 templum,
670 3110 753 3191 quod
775 3112 891 3169 Graeco
911 3108 1057 3168 vocabulo
1085 3106 1188 3189 Ἀγίαν

97 3197 228 3273 Σσφίαν,
250 3197 286 3255 id
303 3206 346 3255 est
362 3208 500 3255 ιαιιιίαιιι
517 3199 710 3276 capientium,
731 3197 901 3268 nominare&
923 3195 1009 3253 ιωὶιιε
1023 3214 1099 3272 opus
1112 3194 1187 3251 adeo

97 3292 199 3339 cuncta
214 3282 358 3357 cedzfieia
375 3282 505 3353 ercelld,
526 3294 561 3341 ut
578 3284 612 3339 in
630 3283 697 3339 totis
714 3292 861 3339 terrarum
880 3280 988 3359 ιραίὰζι
1003 3277 1076 3337 lente
1089 3278 1188 3335 similo

98 3384 153 3423 noo
168 3368 264 3446 possit
282 3368 420 3425 invens'ri.
464 3386 521 3425 nec
534 3368 682 3426 absimilia
697 3364 790 3425 habet
801 3366 923 3424 Manuel
938 3360 1132 3444 Chrysalorae
1148 3361 1186 3421 de

98 3448 174 3510 sedis
195 3452 361 3532 elegantia:
393 3446 478 3531 οἶμαι
495 3450 547 3513 καί
564 3446 655 3515 ον’ίὲν
671 3456 731 3514 roiv
742 3445 946 3532 χειροκμήτων
959 3446 1075 3511 τούτων
1090 3447 1187 3529 ἔργων
1223 3456 1228 3463 ’

98 3530 167 3615 παρ’
187 3531 368 3617 α’νθρσίιιοις
388 3530 496 3614 ’ὅμοιον
517 3527 589 3599 odd'
612 3530 697 3618 ίγγίις
721 3535 872 3619 γενέσθαι.
925 3531 1077 3593 cedrenus
1104 3530 1187 3590 diem

99 3622 189 3700 coepti
212 3624 311 3701 operis
332 3621 375 3687 23
396 3621 550 3679 Februarii
571 3622 664 3681 fuisse
684 3621 836 3681 observat:
862 3618 897 3685 ίν
916 3623 961 3705 τρῖ
975 3612 1030 3702 ,ιη’
1052 3616 1109 3680 ἔτει
1126 3610 1188 3680 dud

97 3708 212 3779 κτίσεως
231 3701 364 3787 κόσμον,
387 3706 575 3780 ίνδιιιιιῶνσς
593 3701 637 3781 ιε’,
657 3710 711 3787 τῆς
724 3701 769 3791 sy'
783 3709 841 3768 τοῦ
857 3704 1067 3785 Φεβρουαρίων
1081 3697 1186 3781 μηνός,

99 3784 158 3874 ὅρη
171 3787 275 3875 erosis-fl
292 3794 347 3869 τῆς
360 3786 490 3873 ἤμίρας,
510 3788 568 3873 την
587 3794 644 3871 τῆς
664 3784 792 3871 μεγάλης
808 3789 966 3867 ίιικίησίας
982 3780 1189 3865 ιίνοινοίαμὴν

97 3870 201 3955 ἤρξατο
214 3880 316 3939 ποιεῖν
324 3869 543 3949 Ἷσυστινιανός.
585 3874 683 3935 sedin
697 3874 754 3935 hoo
767 3874 894 3934 cedreni
909 3873 976 3931 loco
991 3871 1187 3930 manifestum

99 3978 159 4018 esse
177 3959 323 4019 mendum
346 3971 409 4020 tem
426 3963 459 4018 in
480 3980 558 4022 anno
571 3960 677 4019 mundi
693 3980 785 4042 quam
797 3962 830 4018 in
843 3957 1023 4032 indictione,
1045 3958 1117 4015 satis
1132 3976 1187 4013 sn-

98 4062 204 4124 perque
219 4046 412 4125 probavimus
424 4047 456 4103 in
469 4049 548 4105 notis
563 4045 601 4105 ad
614 4045 878 4105 Bondelmontinm
889 4064 921 4122 p.
934 4040 1006 4118 185,
1027 4042 1079 4099 ubi
1095 4042 1186 4099 etium

99 4128 275 4189 ostendimus
300 4132 469 4189 confectum
489 4132 581 4190 fuisse
604 4140 701 4189 totum
720 4130 804 4189 aedis
827 4128 998 4209 Sophianae
1017 4146 1092 4205 opus
1110 4130 1189 4182 intra

98 4216 357 4360 litim?
378 4235 504 4359 miii
519 4209 1190 4377 ii„iiiii’iiiiiiiliiiiiif

99 4384 182 4445 tionis
197 4384 245 4445 die
254 4432 263 4461 ‚
285 4406 364 4467 quae
380 4322 413 4445 nl
431 4322 569 4468 qulnmm
584 4321 679 4468 uellus
695 4346 843 4466 protrdcte
858 4394 919 4461 est,
941 4401 1037 4528 abque
1051 4378 1091 4439 ad
1103 4375 1191 4437 dedi-

136 4476 209 4531 Ptttsl.
232 4478 326 4534 sileat.
