3017 4900
248 406 299 476 92
341 403 517 490 QUERGII
540 404 599 472 DE
623 401 823 473 EXPEDIT.
848 402 1020 471 PERSIGA
1045 402 1261 472 Mottrrttts

250 573 358 634 fuisset
379 584 409 632 et
429 535 525 650 ίίιιίεςΙ
546 582 577 632 et
596 583 744 654 quantum
762 571 828 652 ipse
847 572 1011 652 imperator
1030 570 1090 630 fuit
1110 572 1144 630 in
1166 567 1360 632 debellandis

250 662 352 720 Persis
366 659 454 720 fortis
472 669 503 718 et
518 679 678 735 acoensus,
699 668 819 717 tantum
840 660 933 716 etiam
951 655 991 716 de
1007 654 1240 716 Mahnmedanis
1258 660 1359 738 repri-

249 743 387 822 mendis,
409 747 512 804 statim
524 765 559 804 ao
570 745 604 803 in
616 745 782 826 perniciem
793 740 957 803 christiani
969 744 1101 802 nominis
1114 762 1272 822 erumpere
1284 763 1360 803 eoe-

250 841 375 912 petunt,
396 831 544 892 sollicitus
566 826 745 890 exstitisset!
789 849 897 888 verum
917 827 1001 911 qnod
1018 826 1058 886 ad
1076 826 1213 888 Pisidam
1229 840 1357 910 spectat,

251 935 329 999 quae
353 917 418 997 ipse
442 916 530 976 nobis
550 913 602 975 hio
623 916 731 991 refert,
756 908 908 994 odedum
928 912 1053 997 quidem
1064 924 1181 973 narrat:
1201 914 1261 974 fuit
1273 915 1357 974 enim

252 1020 352 1061 eomes
372 1003 504 1062 Heraolii
523 1005 557 1061 in
575 997 634 1060 hao
647 1003 746 1083 prima
761 999 972 1081 expeditione,
996 1009 1031 1059 ut
1049 1019 1090 1059 ex
1105 1001 1197 1058 variis
1210 1001 1285 1060 locis
1297 998 1358 1060 ha-

252 1107 354 1146 rnmoe
373 1089 549 1150 Aaroaseov
571 1097 656 1168 patet
683 1087 857 1146 olarissime.
901 1105 995 1168 quare
1016 1105 1079 1144 non
1099 1083 1218 1144 ridetur
1236 1088 1265 1144 ei
1281 1084 1357 1144 fides

251 1170 429 1252 deneganda
450 1175 483 1232 in
508 1175 547 1233 iis
564 1191 642 1255 quae
659 1174 693 1232 in
709 1175 809 1253 primo
824 1171 905 1231 bello
917 1172 1037 1231 Persioo
1052 1181 1118 1230 aota
1132 1172 1226 1231 fuisse
1238 1191 1357 1231 memo·

252 1268 308 1322 rat.
352 1268 430 1318 certe
452 1256 676 1340 Theophanes,
739 1261 749 1276 ¹
765 1271 814 1318 res
831 1258 868 1318 th
883 1258 1023 1318 Heraclio
1039 1267 1142 1338 gesur
1157 1259 1356 1344 persequitur,

252 1359 315 1404 non
327 1337 418 1403 modo
432 1350 542 1404 testem
555 1339 679 1405 adhibet
717 1342 846 1419 isidam,
868 1339 924 1403 sed
938 1339 1074 1403 elusdem
1083 1342 1178 1403 verba
1191 1348 1223 1424 et
1234 1350 1357 1402 senten-

253 1431 312 1488 tias
326 1431 359 1488 in
378 1449 465 1490 suam
481 1451 547 1490 rem
558 1431 699 1492 transfert
708 1439 794 1490 tanta
803 1427 931 1505 fiducia,
953 1440 988 1488 ut
1007 1430 1072 1490 eius
1090 1430 1222 1508 integros
1240 1429 1358 1488 iambos

253 1533 326 1573 suae
350 1507 516 1575 humationi
535 1519 673 1576 intexere
696 1526 787 1596 atque
807 1526 952 1575 consuere
973 1527 1036 1574 non
1053 1512 1252 1589 dubitaverit3
1274 1511 1358 1594 qnod

254 1619 296 1660 ex
311 1603 420 1660 nostris
435 1599 677 1664 adnotationibus
692 1601 743 1660 fiet
757 1602 964 1660 manifestum.
1004 1600 1138 1675 bellum,
1161 1597 1243 1681 quod
1255 1597 1358 1659 Pisida

254 1683 409 1762 deseribit,
435 1707 528 1768 prope
545 1687 621 1747 fines
633 1689 771 1747 Persioos
787 1687 867 1745 ultra
878 1695 1015 1745 montem
1028 1687 1183 1762 Taurum,
1205 1704 1283 1745 anno
1293 1688 1356 1744 im·

252 1772 331 1850 perii
343 1773 475 1832 Heraclii
489 1774 546 1848 12,
568 1771 679 1834 Christi
693 1775 757 1837 622
771 1783 872 1830 notum
890 1782 945 1835 est.
988 1771 1127 1830 Heraclio
1141 1780 1244 1829 autem
1255 1773 1288 1831 in
1300 1791 1357 1829 ur-

252 1856 325 1913 bem
334 1867 404 1936 post
414 1877 529 1915 annum
538 1877 657 1918 reverso
668 1868 772 1917 noster
784 1859 946 1937 Georgius,
970 1858 1024 1937 qni
1035 1858 1249 1936 imperatorem
1258 1857 1359 1916 fuerat

253 1952 391 2017 munis,
413 1940 451 2002 de
472 1959 505 2002 re
525 1942 655 2007 feliciter
675 1952 762 2024 gesta
780 1939 840 2004 hoo
860 1944 1008 2022 tripartito
1028 1943 1150 2019 libello,
1172 1951 1207 2001 ut
1228 1941 1358 2018 ridetur,

253 2027 420 2106 gretalatus
442 2038 505 2103 est,
534 2031 679 2109 quentin
695 2029 823 2108 plenam
843 2044 917 2088 strae
936 2043 1009 2107 erge
1028 2028 1130 2107 ipsum
1149 2027 1359 2089 observantiae

251 2113 447 2194 veritatisque
467 2115 676 2176 testimonium
694 2115 723 2173 ei
745 2114 844 2174 laetus
863 2113 990 2173 obtulit:
1021 2115 1065 2173 ait
1087 2114 1171 2174 enim
1190 2115 1358 2178 semes

252 2199 334 2260 379:
356 2198 406 2262 eoi
426 2191 518 2263 τόνδε
535 2195 660 2264 πλεκτὸν
678 2195 830 2278 esionae
842 2197 875 2273 ἐξ
891 2193 1047 2281 ἐπηράτου
1060 2203 1207 2278 &spirea
1220 2195 1290 2279 don
1302 2203 1360 2278 τῆς

254 2275 401 2363 ἀληθείας
417 2283 509 2366 otoo.
552 2295 643 2368 atque
663 2281 740 2344 haeo
760 2283 901 2366 quidem,
922 2296 958 2344 nt
970 2285 1031 2342 alis
1042 2283 1187 2364 plurima,
1207 2292 1359 2366 nonpoe-

245 2370 313 2428 tice
337 2378 472 2448 tantum,
493 2367 549 2432 sed
568 2387 715 2453 pompose
734 2367 894 2451 splendide
913 2382 944 2430 et
961 2373 1178 2454 πανηγυρικῶς
1193 2367 1273 2430 diota
1290 2383 1360 2431 esse

253 2454 343 2515 fante
369 2458 499 2538 qtrisque
522 2459 683 2539 intelliget.
725 2477 778 2533 ao,
800 2467 835 2517 ut
850 2476 920 2517 mea
935 2458 1027 2537 plane
1045 2467 1092 2516 est
1107 2459 1272 2532 sententia,
1293 2460 1358 2518 sire

253 2542 413 2603 materiem
433 2545 497 2603 sira
517 2543 649 2603 fonnem
670 2554 787 2624 spectes
809 2545 926 2622 operis,
955 2544 1155 2622 penegyrious
1181 2543 1305 2603 inscribi
1328 2554 1360 2603 et

254 2628 355 2687 vooeri
373 2630 481 2690 merito
500 2638 604 2709 posset
617 2626 678 2689 hoo
688 2629 875 2708 poematos.
916 2629 1062 2687 nimirum
1075 2630 1139 2688 iam
1154 2624 1206 2687 diu
1220 2640 1291 2689 ante
1303 2631 1360 2689 1²1-

255 2709 353 2771 sidam
365 2714 400 2770 in
409 2732 494 2773 mora
508 2725 662 2794 reoeptnm
676 2724 740 2773 erat
753 2724 788 2774 ut
799 2719 918 2792 poetae,
931 2714 1043 2795 quibas
1056 2712 1235 2793 adiungam
1247 2728 1359 2797 poema

255 2796 475 2857 oonfioiendum
496 2814 584 2878 pares
603 2802 683 2861 vires
703 2818 770 2859 non·
785 2809 887 2875 erant,
907 2801 1059 2879 poematia
1076 2799 1255 2877 seriberent,
1280 2817 1359 2883 qnae

253 2880 435 2944 modestlore
448 2886 536 2943 titulo
552 2896 657 2945 ornata
666 2886 883 2967 panegyn'eos,
904 2886 1043 2945 omnino
1055 2896 1085 2943 et
1094 2885 1187 2945 eum
1199 2887 1357 2946 rorabant.

254 2965 347 3029 fidem
358 2969 473 3029 faciunt
486 2969 567 3051 apud
577 2973 702 3033 Latinos
715 2974 810 3032 silvae
822 2972 922 3047 Statii,
943 2972 1027 3030 veria
1040 2972 1173 3029 earmina
1186 2970 1358 3048 Claudiani,

254 3064 285 3113 et
295 3058 495 3135 panegyrious
509 3057 649 3137 Gorippi3
671 3074 749 3139 quae
764 3060 867 3117 omnia
881 3077 990 3136 perum
1002 3060 1056 3115 ant
1067 3054 1147 3115 nihil
1165 3054 1306 3117 differant
1317 3058 1358 3117 ab

255 3142 427 3201 aoroaeibtre
444 3140 577 3201 Pisidae·
620 3137 768 3225 deperiere
783 3140 907 3224 quidem
922 3144 1042 3222 proprie
1058 3152 1146 3201 sonat
1159 3144 1358 3215 montoso,

253 3246 375 3304 perraro
397 3237 501 3287 tamen
520 3226 597 3289 haee
610 3248 673 3289 vox
685 3248 721 3288 eo
735 3248 828 3288 sensu
842 3237 985 3307 usurpata
997 3229 1161 3287 tnrenitnr.
1204 3239 1235 3289 at
1249 3227 1358 3309 sophi·-

254 3320 327 3385 stne,
349 3330 418 3371 oum
432 3311 508 3393 quid
519 3328 667 3393 magnum
679 3334 712 3374 se
725 3324 791 3375 esse
806 3308 940 3373 dietum
949 3312 1173 3393 pollioerentur,
1194 3308 1359 3398 deprimor

252 3392 443 3475 inmittent
463 3407 494 3455 et
510 3404 683 3475 obededon,
706 3398 784 3479 qnid
802 3399 945 3479 dt'gmm,
966 3398 1049 3479 praed
1068 3398 1238 3473 moreio,
1260 3420 1359 3460 mnn-

252 3480 336 3537 or‘are
350 3490 380 3537 et
391 3481 508 3541 eadere
519 3480 711 3543 dicebantur:
733 3482 815 3545 unde
828 3495 913 3565 patet
924 3478 1085 3565 dsooe‘seee
1098 3484 1191 3544 fuisse
1204 3484 1359 3567 sophista-

255 3582 323 3625 rum
352 3564 584 3627 dxlamauonee
612 3572 645 3627 'et'
671 3567 710 3629 de
735 3583 915 3652 quamque
934 3591 967 3629 re
987 3570 1118 3629 illustres
1141 3575 1359 3651 expositiones,

257 3647 339 3732 quod
357 3652 419 3713 lata
441 3649 661 3714 demonstretur
677 3670 695 3715 e
712 3656 856 3716 Cresoliio
871 3659 904 3715 in
924 3655 1051 3715 Theano
1067 3654 1134 3713 Vet.
1150 3656 1243 3716 Rhea
1263 3658 1318 3717 Ιῶ.
1336 3664 1359 3723 2

256 3756 283 3794 o.
300 3735 334 3800 5.
375 3736 431 3799 sed
450 3735 533 3799 huno
552 3740 643 3819 plane
655 3742 779 3801 titoltnn
791 3738 930 3802 adhibuit
941 3739 1060 3816 Pisida,
1081 3759 1144 3799 non
1157 3740 1359 3823 qnodsophi-

254 3832 368 3883 menn
386 3844 471 3883 more
491 3826 608 3904 ingenii
628 3828 677 3885 sui
697 3830 777 3887 rlres
790 3828 969 3904 extolleret,
989 3824 1044 3887 sed
1061 3823 1145 3905 quod
1156 3826 1272 3887 iamdiu
1282 3848 1358 3888 usus

253 3908 421 3969 invaluerat
439 3920 473 3969 nt
495 3907 670 3972 huiusmodi
682 3916 835 3993 poematia
847 3906 1024 3997 ὢηοᾶσως,
1043 3908 1077 3969 id
1094 3922 1142 3971 est
1154 3914 1359 3985 ηαὶαιὼιιω,

253 4004 447 4071 voert-enter,
469 4014 505 4057 eo
521 3999 594 4079 qanta
608 4012 699 4079 saepe
712 4001 746 4059 in
758 4016 869 4079 mgna
882 3998 989 4080 popuii
1002 3997 1191 4077 (sequentia,
1210 4008 1359 4059 eteorum

203 4116 207 4127 ›
254 4078 292 4137 iis
308 4075 347 4137 ed
360 4096 436 4159 qnos
450 4080 556 4143 taam
569 4086 652 4164 heta
664 4084 875 4167 pertinebant,
894 4083 1103 4146 renitebantur.
