3017 4900
416 371 669 444 DESCRIPTIO
689 373 725 444 S.
743 375 946 444 sonnis:
1152 377 1223 452 145

117 537 254 622 duplicis
274 539 361 600 istius
379 557 521 600 ascensus
533 539 673 600 meminit
687 541 779 600 etiam
792 541 1016 604 Cantaouzenns
1032 545 1048 608 1
1071 537 1109 608 41
1134 556 1164 604 et
1183 567 1223 606 ex

119 647 158 686 eo
175 624 310 686 eodinus
324 623 362 684 de
376 625 462 686 0ffi0.
475 646 503 684 ο.
516 631 573 704 17,
595 645 724 708 quorum
744 627 873 688 alterum
894 631 998 688 nutriit
1015 632 1224 710 respicientem

118 722 224 792 portas
247 707 377 790 ολραλας,
402 711 531 770 alterum
552 711 660 774 σολὲαν
677 721 709 772 et
725 711 830 772 bema:
859 713 1027 794 κατέρχεται
1050 713 1224 794 ὅβασιλειλς

118 801 178 860 τοῦ
192 791 352 901 ἄμβωνας,
374 789 432 860 osis
445 795 479 860 λκ
492 799 549 860 τοῦ
562 795 672 880 μλροος
682 795 785 879 pinos
798 789 1039 882 οὗπσροῖνῆλθε,
1059 797 1157 882 ἤγουν
1168 807 1224 866 soti

115 877 396 1030 :sustitit
411 873 762 1049 ,a
777 881 1224 1032 insistuntur

117 1053 344 1112 Grammaticus
357 991 479 1132 p07466=
499 992 645 1132 lihitum
663 1050 748 1136 nixos
767 1058 829 1118 τοῖν
848 1053 943 1138 ολγιοῖν
956 1057 1084 1136 depuis,
1104 1054 1156 1119 καλ
1170 1051 1223 1120 dv·

115 1135 294 1217 τιοτραφελς
320 1132 414 1218 ολνλβη
438 1141 519 1219 τρεῖς
541 1131 685 1219 deductis
706 1141 764 1202 soti
785 1135 927 1220 indutor
946 1137 1131 1222 ἐσπασμένος.
1182 1161 1225 1202 ex

115 1222 232 1302 quibus
239 1221 552 1302 oonhoimrpraeteraa
560 1225 721 1284 ambonem
734 1227 884 1284 exstitisse
898 1226 977 1284 inter
990 1223 1102 1308 ολραλας
1114 1221 1223 1304 πο’λας,

115 1327 174 1386 per
192 1326 271 1388 quas
285 1326 303 1366 a
316 1327 375 1368 nao
390 1327 445 1368 seu
461 1306 552 1368 choro
567 1310 600 1367 in
615 1329 764 1389 pronaum
780 1320 811 1370 et
824 1307 999 1370 nartheceru
1018 1312 1118 1372 exitus
1134 1321 1222 1390 pate-

114 1393 187 1467 bat,
208 1401 241 1450 et
257 1393 389 1467 soleam,
411 1411 489 1474 quse
503 1403 590 1453 extra
605 1394 694 1453 bema
708 1405 787 1472 erat,
809 1397 854 1456 uti
873 1395 1089 1470 indicavimus3
1113 1398 1223 1477 quibua

115 1478 312 1538 consentiunt
328 1481 486 1558 scriptores
500 1476 538 1536 de
552 1475 627 1536 aede
644 1477 818 1560 Sophiana,
840 1478 914 1539 dum
929 1483 1011 1540 aiunt
1025 1484 1224 1542 lastinianum

115 1563 256 1622 confecto
270 1565 383 1643 templo
397 1563 475 1624 illud
488 1565 667 1644 ingressum,
683 1574 713 1624 et
725 1583 744 1624 a
757 1565 860 1644 Regiis
871 1567 966 1645 portis
978 1586 1033 1626 seu
1044 1568 1222 1647 βασιλικαῖς,

115 1667 198 1728 quae
223 1647 347 1708 eaedem
368 1657 439 1708 sunt
461 1669 530 1708 oum
548 1649 715 1730 speciosis,
736 1649 777 1708 ad
798 1649 958 1710 ambonem
971 1653 1167 1731 processisse,
1192 1661 1223 1712 et

114 1735 150 1792 in
164 1731 243 1792 haec
255 1735 346 1793 rerba
360 1735 561 1808 exclamasse,
581 1727 727 1813 νενλκηκοὶ
743 1754 777 1798 σε
792 1731 949 1816 Σολομολν.
991 1738 1034 1796 ita
1044 1757 1133 1817 porro
1148 1757 1222 1798 con-

113 1819 190 1877 festi
213 1829 299 1878 erant
317 1820 383 1879 bini
404 1821 455 1878 isti
474 1839 631 1895 aseensus,
653 1831 687 1879 ut
704 1821 763 1879 sibi
780 1823 911 1880 invicem
931 1819 1050 1882 adversi
1073 1824 1105 1880 in
1126 1842 1223 1882 unum

115 1906 249 1982 coirent,
278 1915 308 1965 et
336 1905 439 1966 locum
464 1913 592 1966 teretem
614 1925 669 1966 seu
698 1906 844 1966 chamum
872 1905 1034 1968 efficerent.
1076 1907 1221 1968 Silentia-

114 2007 203 2050 nus:

284 2072 344 2138 ολσλ
356 2069 414 2158 γὰρ
430 2067 603 2156 οἷλλήλοισιν
618 2075 768 2155 tamtan,
790 2069 960 2180 ἀμφότεραι
977 2073 1012 2140 ὄλ

284 2160 330 2234 εἰς
345 2159 399 2224 ἕνα
412 2166 511 2243 χῶρον
526 2157 652 2242 ἄγουσιν
667 2161 736 2225 ἴσον
750 2172 890 2244 ποριηγεΐ
901 2156 1012 2246 κύκλῳ.

114 2243 200 2307 made
219 2246 324 2324 colligi
338 2245 458 2305 videtur
476 2247 638 2306 ambonem
652 2245 754 2306 media
775 2249 808 2306 in
828 2246 903 2306 aede
923 2249 1089 2322 entitissa,
1112 2266 1221 2332 neque,

112 2344 151 2392 nt
168 2329 265 2392 hodie
285 2333 401 2390 maiora
423 2333 617 2391 ecclesiarum
632 2334 766 2412 pulpita,
788 2343 947 2414 utramque
966 2333 1059 2412 pilam
1077 2334 1220 2410 attigisse.

114 2429 210 2500 etque
232 2415 267 2475 id
288 2419 399 2477 evincit
418 2436 481 2477 vox
500 2411 632 2499 πύργος,
657 2437 717 2499 quo
738 2418 827 2477 ambo
850 2416 1015 2477 donatura
1038 2417 1220 2496 Silentiario,

114 2524 196 2585 quae
217 2522 288 2561 oum
305 2506 431 2561 minime
452 2504 577 2583 pulpitis
600 2501 753 2562 hodiernis
771 2506 943 2579 conveniat,
964 2503 1084 2563 videtur
1096 2504 1149 2563 iile
1162 2524 1221 2583 po-

113 2596 177 2649 tius
188 2588 333 2649 habuisse
346 2586 421 2669 quid
432 2591 531 2647 simile
544 2608 612 2647 cum
624 2591 662 2647 iis
676 2586 826 2648 cathedris
840 2590 1068 2663 excelsioribus,
1094 2608 1135 2647 ex
1149 2592 1220 2669 qui-

113 2676 173 2735 bus
191 2676 416 2734 concionatores
437 2678 603 2735 orationem
623 2672 735 2733 habent
753 2672 793 2732 ad
812 2676 976 2755 populum,
1001 2694 1080 2756 quae
1097 2676 1130 2733 in
1148 2676 1219 2754 qui-

112 2759 248 2821 busdam
267 2761 400 2818 ecclesiis
413 2757 471 2817 hac
485 2762 576 2819 etiam
589 2762 623 2817 in
637 2771 722 2839 parta
736 2770 916 2819 statuuntur.
960 2758 1086 2840 proinde
1105 2762 1220 2819 exstitit

112 2848 207 2905 ambo
222 2856 293 2905 ants
307 2857 425 2924 portam
438 2865 554 2904 sacram
567 2846 728 2921 maiorem,
752 2846 809 2905 etsi
826 2846 862 2904 nb
881 2865 916 2904 ea
930 2847 1084 2926 aliquanto
1099 2846 1218 2923 lougius

113 2931 262 3005 distaret,
284 2928 366 3011 quod
385 2928 503 2991 disertis
523 2930 622 2989 verbis
641 2928 773 2989 declarat
792 2932 959 2989 Gerntanus
976 2929 1144 3010 patriarcha
1159 2932 1218 3004 GP,

42 3078 53 3099 Ι
112 3019 252 3077 scribens
269 3012 320 3079 οόν
332 3012 461 3096 ἅμβωνα
473 3011 533 3097 προ
545 3018 599 3094 τῆς
611 3014 713 3094 θύρας
723 3018 778 3078 τοῦ
791 3010 927 3095 βήματος
941 3015 1093 3077 ἵστασθαι.
1137 3020 1219 3072 tanta

110 3124 206 3183 porro
223 3102 371 3179 elegantia
384 3122 419 3159 ac
430 3111 494 3159 tarn
510 3104 659 3159 immenso
675 3110 798 3179 sumptu
813 3101 973 3159 ambonem
984 3102 1082 3179 primo
1102 3101 1218 3157 excita-

111 3200 160 3247 rat
180 3189 379 3260 lastinianus,
400 3197 434 3245 ut
453 3196 551 3245 totum
572 3205 632 3244 una
645 3205 715 3243 oum
727 3185 809 3245 solea
822 3204 861 3241 ex
873 3183 1013 3265 onychite
1029 3182 1130 3264 lapide
1145 3204 1218 3241 con-

111 3275 237 3348 fecerit,
259 3282 294 3330 ut
313 3292 353 3330 ex
374 3268 507 3331 cedreno
524 3270 735 3331 indicavimus.
779 3266 894 3327 addunt
913 3266 1071 3349 scriptores
1091 3267 1128 3328 de
1143 3267 1217 3327 aede

111 3357 272 3438 Sophiaua
289 3354 418 3436 saphiris
438 3358 577 3435 crystallo
601 3368 630 3415 et
651 3356 763 3435 lapillis
780 3356 848 3413 aliis
862 3356 1104 3435 pretiosioribus,
1127 3366 1217 3435 atqua

113 3443 193 3503 adeo
221 3443 369 3501 columnis
389 3446 502 3518 aureis,
524 3442 685 3501 ambonem
701 3439 878 3514 adornasse,
901 3449 931 3499 et
946 3443 976 3498 in
990 3452 1131 3521 utroque,
1149 3460 1216 3498 am-

111 3529 195 3588 bone
213 3528 328 3587 scilicet
343 3538 372 3586 et
386 3528 486 3601 solea,
510 3526 549 3584 ad
573 3528 673 3587 milies
695 3538 835 3585 centenas
852 3527 942 3585 libras
955 3526 1138 3605 impendisse
1152 3528 1217 3585 eius

26 3612 32 3620 ¹
111 3616 222 3673 tributi
242 3610 325 3692 quod
346 3614 421 3672 alirn
441 3614 653 3671 Constantinus
672 3614 715 3671 M.
738 3613 865 3673 Sarbaro
882 3614 1041 3669 Persarum
1058 3614 1122 3691 regi
1136 3609 1218 3668 iudi-

111 3710 222 3758 xerat:
250 3700 293 3755 ita
311 3709 463 3777 nugantur
482 3699 590 3777 nuperi
608 3699 724 3755 Graeci.
769 3708 798 3755 at
822 3717 890 3754 cum
914 3696 1002 3756 ambo
1024 3698 1096 3769 iste,
1126 3714 1218 3775 quem

112 3780 292 3863 πολύολβον
317 3794 347 3841 et
369 3776 626 3861 πολοθαύμαστον
645 3782 739 3841 inissa
759 3782 891 3840 scribunt
910 3782 1020 3861 (ilyons
1031 3792 1060 3839 et
1075 3778 1217 3856 cadmus,

114 3890 189 3928 casu
210 3864 442 3946 hemisphaerii,
465 3869 518 3948 qui
541 3886 569 3925 a.
585 3871 627 3931 82
648 3868 806 3926 iustiniani
826 3864 949 3940 accidit,
972 3884 1033 3925 una
1049 3886 1118 3924 omn
1134 3866 1218 3925 solea

115 3954 263 4013 contritus
282 3954 404 4029 fuisset,
432 3955 526 4012 alium
546 3972 665 4011 rursum
688 3954 829 4011 excitavit
851 3953 1048 4025 lastinianus,
1078 3949 1133 4010 sed
1153 3952 1217 4009 ele-

114 4040 221 4118 gantia
239 4058 275 4097 ao
288 4036 395 4097 decore
409 4040 499 4117 longe
514 4040 608 4117 priori
623 4040 786 4118 imparem,
808 4040 834 4097 si
854 4056 913 4117 qua
925 4035 999 4096 fides
1016 4034 1126 4097 iisdem
1141 4039 1217 4097 scri-

112 4124 270 4204 ptoribus:
291 4119 345 4186 τᾶν
369 4120 551 4205 bidullaneo
568 4122 620 4184 καλ
642 4120 695 4186 τᾶν
718 4122 824 4187 nulius
845 4118 887 4202 pti
910 4120 1074 4202 δυνάμενοι
1090 4126 1218 4202 ποιῆσαι

112 4213 259 4272 τοιοῦτον
278 4208 463 4285 πολολξολον
485 4207 536 4271 καλ
558 4203 741 4287 πολύτιμον,
763 4208 909 4289 lucianus
931 4200 1022 4271 odedu
1047 4202 1217 4288 ου’δαμινόο

115 4290 169 4358 tsi
192 4297 292 4357 stoue
315 4293 368 4357 καλ
388 4289 501 4359 κιόνων
523 4287 600 4376 ολργο
620 4288 753 4356 ενδύοων
776 4290 848 4373 perd
872 4296 1043 4373 περιφερῶν
1066 4287 1217 4373 ἆργορολν,

116 4375 192 4461 pred
215 4383 271 4457 τῆς
293 4378 414 4457 soliar·
435 4383 564 4465 οροῦλον
583 4316 618 4441 dd
635 4380 693 4443 τοῦ
709 4375 853 4460 ὄμβανος
866 4371 924 4443 οὔκ
935 4371 1068 4527 sibilisque
1080 4380 1216 4457 ποιῆσαι,
1233 4382 1256 4437 Ρ
1271 4383 1325 4441 690
