3017 4900
532 354 738 423 scaossnt
762 354 805 424 11.
1144 358 1217 431 159

112 522 249 600 cedoue,
271 520 344 583 dum
363 522 477 583 Abares
498 540 539 581 ex
558 531 644 601 parte
660 520 777 581 boreali
794 521 914 603 (ipolim
929 542 1101 605 oppugnare
1116 534 1217 585 tenta-

111 621 202 686 rent,
223 612 282 689 ipsi
295 628 334 668 ex
347 618 431 687 parte
446 605 638 667 meridionali
653 628 686 667 se
701 603 829 667 eandem
841 612 956 688 regiam
969 610 1075 669 urbem
1092 629 1217 691 aggres-

113 715 204 755 suros
217 714 282 755 esse
297 703 508 753 convenerant.
550 690 619 751 ride
635 690 746 751 ibidem
763 713 793 752 v.
807 691 881 755 496.

203 783 254 845 91.
297 782 489 860 sequentium
499 796 642 839 versuum
654 797 780 837 sensum
794 796 856 837 non
869 780 942 839 satis
957 790 1093 859 apertum
1107 782 1151 839 sic
1166 798 1220 839 ao-

115 860 1222 1028 tetlattai‘t0issirllitdltlt3tit-'12:1¹3titii:

114 1034 225 1093 luisset
244 1052 300 1114 ope
323 1032 425 1092 divina
443 1044 474 1091 et
492 1034 617 1113 virginis
640 1034 753 1093 Mariae
773 1036 938 1114 patrocinio
957 1034 1052 1092 fretus
1074 1033 1112 1092 ad
1131 1044 1221 1115 pacta

116 1116 266 1177 servanda
287 1138 339 1179 ecs
357 1117 554 1199 compellere3
575 1116 630 1177 sed
647 1137 717 1177 cum
728 1122 761 1176 in
776 1138 812 1177 eo
826 1128 905 1179 esset
918 1128 953 1176 ut
968 1119 1115 1179 Abaribus
1135 1138 1220 1177 arma

115 1202 258 1278 inferret,
291 1204 406 1263 Sclaris
429 1223 470 1263 ex
491 1204 551 1261 alia
568 1214 652 1282 parte
670 1206 838 1262 Romanam
856 1202 1007 1262 dicionem
1023 1206 1220 1278 restantibus,

118 1299 223 1347 contra
242 1292 324 1367 ipsos
347 1308 500 1348 occurrere
514 1299 544 1348 et
557 1289 594 1347 ab
606 1290 725 1368 incepto
739 1286 882 1349 desistere
904 1290 1075 1368 cogebatur.
1118 1292 1221 1370 itaque

117 1371 305 1453 Charybdis,
333 1384 489 1455 utsupra,
519 1383 566 1433 est
582 1375 716 1433 Abacum
737 1376 838 1449 nati03
869 1376 936 1454 lupi
959 1384 1029 1434 sunt
1050 1374 1152 1433 Sclari
1169 1374 1220 1433 vel

116 1461 246 1517 Persae:
275 1469 305 1518 at
324 1460 445 1539 Gorgon
466 1456 517 1517 hic
537 1476 599 1516 non
618 1468 664 1519 est
685 1469 869 1535 monstrum,
898 1458 952 1519 sed
972 1462 1075 1537 imago
1094 1460 1220 1538 virginis

117 1544 252 1620 Marias,
274 1545 358 1603 cuius
377 1564 434 1623 ope
451 1544 607 1602 Heraclius
628 1547 691 1603 iam
704 1554 793 1602 antea
805 1554 968 1623 quonum
981 1541 1116 1602 Phocum
1132 1544 1219 1602 deri-

119 1638 213 1688 cerat.
256 1629 358 1689 confer
377 1648 471 1707 supra
487 1648 517 1687 v.
531 1632 571 1692 12
590 1638 620 1685 et
635 1648 734 1709 seqq„
756 1638 787 1687 et
810 1631 914 1688 omnia
936 1638 1038 1706 erunt,
1059 1632 1094 1688 ni
1117 1630 1218 1706 fallor,

119 1714 212 1793 plana
231 1724 261 1772 et
275 1712 500 1773 difficultatibus
514 1711 667 1792 expedita.

206 1802 260 1863 97.
297 1800 546 1881 spectatorum
567 1800 624 1857 ficit
646 1797 764 1857 bellum
783 1797 965 1857 Abas-icum:
995 1816 1128 1879 namque
1157 1818 1219 1859 uno

121 1880 290 1965 eodemque
308 1894 443 1963 tempore
466 1894 567 1941 contra
579 1894 639 1942 tres
654 1880 773 1960 hostes,
791 1882 907 1943 Absres
922 1884 1046 1945 Sclavos
1059 1894 1089 1943 et
1101 1887 1220 1962 Persas,

122 1967 329 2029 dimicandum
345 1970 404 2029 fuit
418 1970 593 2049 epolitanis.

208 2055 280 2117 101.
323 2074 401 2114 anuo
425 2054 464 2117 11
486 2054 606 2133 imperii
623 2055 671 2113 sui
688 2053 845 2112 Heraclius
863 2072 972 2133 pacem
989 2072 1059 2112 omn
1077 2051 1224 2132 chagano

123 2138 256 2199 Abumm
269 2138 345 2200 duce
360 2141 536 2218 composuit,
558 2148 710 2199 utcontra
728 2135 892 2199 Choamani
905 2158 990 2197 arma
1003 2150 1148 2215 moveret,
1171 2140 1225 2244 spui

123 2222 269 2327 inspicis·
288 2230 327 2311 τῇ
350 2227 420 2311 vlup
439 2218 538 2287 ον’πέτι
560 2222 593 2286 ἐν
618 2228 664 2307 τῷ
683 2228 852 2287 neaeman
872 2218 951 2287 alvus
970 2218 1117 2301 ἠδύνατο.
1157 2246 1226 2287 sors

123 2306 294 2391 Ἠρακλειος
320 2313 410 2389 ζῆλον
431 2312 509 2371 θεοῦ
525 2301 689 2390 dvuluflcdv
701 2308 753 2371 sel
767 2305 840 2388 perd
854 2312 915 2371 sais
927 2301 1072 2388 Ἀβᾶρων
1085 2304 1227 2387 εἰρηνεύ-

126 2412 198 2474 σας,
221 2392 261 2467 dc
283 2390 431 2476 ἐνόμιζεν,
455 2388 633 2476 μετήνεγκεν
654 2388 694 2458 :u'
715 2387 919 2475 στρατεύματα
936 2397 993 2472 τῆς
1009 2386 1165 2474 Εὐρώπης
1181 2392 1227 2468 εἰς

124 2475 182 2558 τήν
199 2472 320 2556 Ἀσίαν,
341 2479 393 2542 sul
415 2480 559 2544 διενοεῖτο
575 2483 616 2563 τῇ
634 2483 689 2542 :osi
712 2482 792 2542 θεοῦ
807 2479 965 2562 mappale
979 2475 1057 2540 susci
1073 2481 1226 2562 Περσίδος

124 2567 271 2647 χωρῆσαι.
311 2567 354 2624 ita
368 2563 574 2644 Theophanes
583 2585 621 2642 p.
637 2563 709 2629 251.

209 2651 284 2714 103.
326 2670 405 2710 enno
424 2651 556 2710 Heraclii
579 2651 619 2714 11
643 2658 790 2724 exeunte,
812 2644 914 2708 bieme
936 2659 1038 2708 autern
1055 2657 1225 2730 appetente,

127 2735 281 2794 Heraclius
306 2737 339 2794 iu
362 2755 447 2794 oram
469 2735 634 2794 Asiaticam
653 2736 800 2813 Byzantio
822 2735 992 2813 oppositam
1012 2734 1151 2808 secessit,
1172 2734 1225 2793 ubi

127 2838 222 2899 usque
240 2817 280 2878 ad
297 2818 379 2878 diem
394 2831 534 2900 quarmm
546 2821 659 2878 mensis
673 2820 787 2898 Aprilis
802 2822 955 2899 sequentis
971 2822 1043 2878 anni
1057 2839 1227 2878 commora-
1272 2856 1277 2867 .

127 2913 175 2962 tus
196 2914 252 2962 est.
294 2915 366 2963 tunc
386 2907 467 2961 enim
485 2901 603 2976 τελέσας
614 2899 670 2982 τήν
684 2901 792 2985 ἑορτήν
808 2907 865 2966 rosi
881 2898 982 2984 πάσχα
998 2903 1136 2985 lslvocsu
1149 2899 1227 2966 sord

130 2989 288 3073 Περσίδος.
328 2985 510 3067 Theophan.
522 3009 557 3066 p.
574 2987 647 3050 253.

213 3075 286 3137 110.
327 3074 524 3152 liu-(langius
546 3071 630 3152 epol.
653 3071 762 3130 Chrsat.
779 3068 833 3128 lib.
849 3069 870 3136 4
887 3092 914 3130 c.
932 3074 971 3136 13
990 3073 1103 3152 palatia
1117 3071 1227 3132 subur-

129 3159 206 3218 bana
223 3161 439 3237 imperatorum
461 3177 632 3234 recensens,
659 3157 806 3236 palatium
824 3155 1022 3216 chalcedonis
1036 3167 1066 3216 et
1079 3158 1228 3216 suburba-

130 3263 203 3302 num
224 3241 422 3303 Chalcedonis
440 3247 586 3304 numium.
629 3243 785 3302 Heraclius
800 3245 833 3301 in
847 3242 1052 3301 suburbanum
1071 3244 1228 3319 concessit,

131 3331 214 3388 cuins
229 3327 460 3410 descriptionem
472 3332 558 3389 nobis
571 3329 693 3410 reliquit
705 3329 891 3388 &eumenus
904 3329 957 3386 lib.
972 3331 993 3392 8
1008 3347 1034 3386 c.
1049 3329 1100 3391 17.
1138 3337 1230 3409 atque

130 3410 163 3472 id
183 3415 273 3492 plane
294 3427 339 3475 est
364 3415 585 3489 suburbanum,
613 3411 694 3495 quod
712 3416 816 3494 paucis
840 3409 949 3470 abhinc
974 3415 1061 3471 annis
1083 3412 1229 3474 sarbarus

132 3499 243 3556 Persici
266 3503 415 3560 exercitus
439 3498 503 3557 dux
527 3500 617 3559 annis
639 3509 669 3557 et
687 3501 759 3578 igne
779 3509 966 3558 vastaverat:
987 3517 1060 3556 nam
1081 3494 1229 3558 Chronico

132 3581 337 3646 Alexandrino
367 3594 443 3646 teste
462 3606 499 3664 p.
521 3587 602 3661 896,
639 3583 951 3643 eum‘chalcedonem
970 3583 1024 3642 ille
1047 3585 1231 3658 accessisset,

130 3663 281 3734 πάντατὰ
297 3664 461 3749 προάστεια
481 3668 533 3732 nul
553 3665 625 3744 τούς
645 3665 821 3750 &nuncluce
839 3669 943 3743 oleove
962 3667 1108 3728 incendit.
1151 3677 1233 3726 certe

133 3755 283 3812 Heraeum
302 3757 464 3835 palatium,
487 3753 569 3834 quod
588 3766 650 3814 erat
669 3765 752 3814 trans
775 3755 887 3813 fretum
909 3753 1138 3812 celeberrimum
1158 3753 1233 3812 sub-

132 3840 296 3916 urbanum,
318 3839 369 3899 hic
388 3862 449 3901 non
469 3838 608 3919 designat
627 3840 748 3917 Pisida,
772 3843 825 3922 qui
842 3839 879 3898 de
895 3839 1013 3918 Exped.
1038 3840 1056 3903 1
1080 3840 1140 3902 157
1159 3835 1233 3898 dicit

133 3926 321 4002 Heraclium,
361 3947 431 3986 cum
456 3945 618 3988 conscensa
646 3928 720 3988 nari
740 3928 775 3986 in
798 3923 956 3984 Persidem
972 3925 1046 3999 iret,
1082 3926 1235 3985 Heraeum

134 4015 417 4090 praeternavigasse.

218 4097 290 4162 112.
334 4099 471 4177 respicit,
491 4099 613 4178 opinor,
636 4093 676 4156 ad
692 4097 771 4156 festa
790 4094 961 4170 Brumalia,
994 4111 1071 4173 quae
1092 4089 1235 4152 kalendis

135 4180 279 4241 Ianuariis
299 4184 483 4262 incipiebant
505 4196 535 4242 et
554 4203 664 4263 magna
683 4203 752 4242 cum
774 4182 961 4241 solemnitate
977 4180 1202 4239 celebrabantur
1214 4195 1233 4234 a

135 4265 250 4324 civibus
271 4276 302 4324 et
321 4269 566 4349 imperatoribus:
590 4271 701 4328 etenim
719 4287 775 4349 per
789 4287 841 4328 eos
855 4264 920 4326 dies
933 4276 1018 4329 erant
1030 4263 1097 4323 ludi
1110 4266 1233 4322 Circen-

136 4369 198 4428 ses,
222 4351 361 4412 conriria
374 4363 406 4412 et
419 4356 593 4434 largitiones
605 4355 754 4436 publicae.
798 4349 910 4414 videsis
923 4352 1140 4428 ltu-cangium
1153 4347 1230 4408 Lex.
