3017 4900
178 453 182 462 ,
286 379 360 454 106
532 377 746 464 eumelus
770 378 817 448 tlt
839 377 1146 448 monmouls

283 557 315 608 et
339 545 498 608 Saracenis
526 543 564 605 ab
593 545 734 609 lleraclio
762 541 890 606 divulsis
909 555 940 606 et
957 547 992 606 in
1008 543 1103 606 tidem
1121 542 1268 626 receptis,
1296 543 1389 604 simul

283 653 389 692 omnes
410 630 586 692 blohameto
609 631 686 691 duce
706 635 911 712 conspirantes
929 634 1037 693 Asiam
1050 641 1082 690 et
1093 631 1229 693 Africam
1243 649 1323 711 pene
1337 639 1388 688 to-

282 728 348 778 tam
360 719 504 778 maximis
519 717 741 778 calamitatibus
754 717 941 778 afflixerunt.
984 716 1056 778 vide
1068 736 1160 798 supra
1172 736 1204 778 v.
1217 719 1271 782 10.

366 839 442 902 220.
484 845 563 895 recte
584 833 802 896 Saracenorum
820 845 961 896 naturam
979 837 1115 916 attingit,
1137 839 1191 917 qui
1212 835 1389 918 populatio-

283 923 372 982 nibus
393 923 502 981 intenti
525 929 556 979 et
576 917 737 1007 λῃστρικόν
755 925 835 982 vitae
854 939 950 1002 genus
969 919 1111 982 docentes
1130 941 1191 981 non
1207 941 1249 981 ex
1262 920 1389 1006 militari

283 1007 443 1087 disciplina
467 1003 588 1066 bostem
609 1005 751 1086 aggredi,
778 1005 834 1067 sed
849 1009 1002 1067 latronum
1018 1008 1113 1067 instar·
1127 1007 1298 1066 clanculum
1309 1009 1387 1065 irre-

279 1112 367 1174 pere,
389 1102 419 1152 et
432 1089 563 1174 praeda,
584 1093 745 1169 alliceret,
766 1093 846 1152 facta
864 1113 897 1152 se
912 1095 1045 1174 recipere
1060 1103 1289 1152 consueverunt.
1321 1092 1387 1148 lio-

281 1177 402 1238 chartus
420 1181 454 1238 in
473 1175 597 1258 Plateg
610 1175 663 1236 tit.
680 1182 744 1242 2ο.
759 1183 782 1245 2
799 1180 964 1240 Saracenos
982 1198 1001 1238 a
1018 1178 1184 1238 latrociniis
1203 1198 1269 1239 esse
1290 1175 1386 1237 dictos

280 1263 451 1343 contendit,
473 1271 545 1352 quia
558 1251 658 1376 dy
674 1269 794 1330 Saraka
808 1271 936 1331 Arabica
951 1281 997 1330 est
1010 1269 1197 1330 lenocinari.

364 1377 440 1440 222.
482 1376 517 1434 s'n
524 1397 626 1456 poem.
643 1379 681 1439 de
694 1377 865 1438 Reuorect.
882 1381 903 1444 8
923 1376 966 1444 68
986 1377 1030 1436 ita
1050 1371 1089 1435 de
1109 1373 1248 1436 diabolo:
1268 1367 1388 1452 alivae

279 1453 314 1525 sc*
327 1462 450 1542 sorim
462 1455 608 1542 μειζόνως
622 1456 804 1542 derauso.

278 1558 522 1727 Theossffieode
537 1566 698 1624 clementia
713 1565 848 1624 Heraclii
859 1564 894 1624 in
909 1561 1018 1624 ducem
1029 1565 1249 1625 §amoenorum
1259 1558 1338 1622 nibil
1346 1561 1384 1620 in

364 1752 438 1815 288.
481 1749 582 1812 innuit
598 1751 784 1831 benignitate
800 1752 932 1810 Heraclii
951 1752 1066 1810 factm
1080 1759 1115 1810 at
1129 1749 1241 1833 aliquis
1253 1749 1384 1810 Samae-

279 1852 390 1892 nomm
405 1830 470 1894 dux
485 1838 515 1894 ei
530 1855 564 1897 se
576 1836 770 1917 adiungeret3
791 1836 876 1919 quod
889 1835 1010 1898 videtur
1024 1836 1197 1896 confirmare
1213 1831 1384 1914 Theopha-

280 1937 335 1978 nes
345 1941 382 1998 p·
397 1921 460 1985 257
470 1963 478 1995 ,
502 1918 606 1982 dicens
619 1922 768 2004 quosdam
781 1925 947 1984 §nouenos
959 1922 1001 1982 sd
1012 1923 1164 1982 Gesacum
1173 1921 1230 1983 sub
1241 1920 1382 1980 llersclio

279 2005 444 2063 militantes
460 2001 626 2066 chosroam
640 2008 777 2087 fregisse.

360 2104 436 2169 241.
479 2125 549 2165 cum
561 2111 702 2189 utrinque
716 2111 815 2189 parati
825 2117 926 2169 essent
939 2107 978 2169 ad
988 2129 1133 2191 pugnam,
1154 2111 1264 2170 Persae
1274 2109 1382 2167 lunam

278 2201 309 2250 et
324 2190 439 2265 solem,
459 2192 590 2273 Romani
606 2192 698 2253 deum
712 2193 848 2276 adorant.
891 2214 932 2254 ex
943 2198 1069 2256 militari
1083 2195 1241 2276 disciplina
1255 2195 1381 2268 milites,

277 2285 442 2358 antequam
462 2275 656 2354 dimicarent,
688 2284 781 2341 sacris
804 2281 1015 2361 operabantur.
1058 2281 1128 2341 vide
1147 2285 1281 2342 Leonem
1301 2281 1381 2357 imp.

277 2383 304 2420 c.
323 2361 378 2424 14:
400 2361 438 2421 de
453 2364 506 2435 iis,
527 2385 606 2444 quoe
626 2363 677 2424 ds's
698 2365 771 2424 belli
790 2367 913 2449 agenda
932 2378 1015 2427 eunt.
1060 2366 1147 2451 Ιργον
1168 2361 1308 2449 ὀργάνων
1324 2362 1382 2426 sut

275 2441 443 2528 κυμβάλων
463 2448 548 2509 idem
566 2470 601 2510 ac
623 2446 739 2534 ὄργανα
755 2451 807 2516 sul
820 2446 973 2534 κύμβαλα.
1013 2450 1314 2513 animadvertendum
1328 2448 1381 2508 ble

276 2542 307 2591 et
325 2532 398 2591 olibi
415 2531 496 2613 apud
509 2534 645 2595 Pisidam
659 2538 798 2618 cymbala
811 2551 841 2598 et
851 2550 996 2619 tympana
1010 2542 1093 2598 reiici
1105 2549 1252 2620 tanquam
1263 2540 1378 2597 instru-

274 2628 377 2677 menta
390 2620 527 2697 profana.
568 2640 661 2702 quare
676 2643 745 2682 cum
757 2628 791 2682 in
807 2622 977 2683 definienda
993 2626 1100 2683 talium
1109 2627 1379 2683 instmmentorum

271 2703 371 2762 forma
392 2714 422 2761 et
442 2702 614 2765 diversitate
630 2704 801 2788 discrepent
815 2708 943 2785 eruditi,
965 2708 1107 2769 standum
1116 2707 1168 2768 bic
1181 2711 1304 2768 omuino
1319 2724 1377 2766 au-

273 2789 403 2846 ctoritati
416 2787 545 2866 fluidae,
569 2794 678 2872 quiite
694 2796 815 2871 statuit,
836 2789 977 2876 κύμβαλα
991 2791 1142 2875 baptist&
1154 2795 1292 2877 ulyssa-

357 2887 431 2955 242.
475 2888 516 2949 ad
529 2894 755 2971 spurcissimam
768 2896 929 2955 Persarum
940 2894 1099 2956 libidinem
1112 2892 1376 2955 demonstrandam

272 2984 409 3035 veterum
434 2977 607 3037 testimonia
635 2976 769 3060 undique
789 2980 912 3061 collegit
928 2984 1098 3043 Brissonius
1116 2982 1154 3041 ds
1172 3002 1265 3062 regno
1284 2982 1373 3041 Pers.

273 3058 328 3119 ls'b.
352 3064 427 3141 21).
448 3065 523 3127 293.
566 3084 677 3144 nempe
697 3066 744 3123 illi
763 3068 849 3146 quasi
866 3068 1053 3127 mulierculis
1075 3086 1175 3126 carere
1197 3067 1377 3147 neutiquam

272 3155 416 3227 possent,
445 3166 496 3206 eas
516 3165 578 3207 non
595 3149 688 3210 modo
708 3148 749 3209 ad
769 3149 939 3211 canendum
960 3154 994 3211 in
1017 3154 1161 3212 conviviis
1181 3149 1376 3227 adhibebant,

272 3250 379 3290 rerum
402 3232 494 3290 etiarn
513 3234 546 3290 in
566 3235 746 3295 militaribus
769 3234 1012 3316 expeditionibus
1031 3235 1226 3297 deducebant.
1268 3256 1377 3296 earum

273 3326 375 3373 autern
395 3319 479 3375 varia
502 3328 587 3376 erant
605 3322 725 3397 mimia,
747 3320 804 3381 sed
819 3324 922 3381 omnia
937 3324 1047 3403 turpia.
1091 3324 1275 3383 celebrantur
1289 3324 1377 3380 enim

273 3401 473 3483 μουσουργοί,
498 3394 874 3487 αὖλητρίδες,’ψᾶλτριαο,
894 3410 1114 3491 seductorum,
1135 3405 1255 3495 pidmul,
1277 3400 1377 3487 iun·

273 3484 407 3563 ospsnul,
437 3482 475 3543 de
500 3488 609 3566 quibus
631 3490 720 3569 plura
738 3492 772 3549 in
792 3491 915 3552 laudato
937 3495 1102 3553 Brissonio.
1153 3492 1278 3553 adrem
1296 3490 1376 3553 illud

272 3577 390 3627 tantum
410 3568 538 3647 addam,
561 3571 644 3653 quod
664 3594 705 3633 ex
722 3578 932 3637 Parmenionis
953 3576 993 3637 ad
1012 3576 1223 3639 Alexandrum
1245 3580 1375 3661 epistola

273 3654 364 3713 refert
380 3652 571 3732 Athenaeus,
593 3660 672 3718 inter
691 3661 910 3741 impedimenta
930 3664 1015 3722 Darii
1034 3675 1165 3745 repertas
1179 3684 1244 3724 esse
1258 3668 1376 3729 nouo·

272 3740 360 3814 κίδος
374 3738 584 3825 μουσουργοΰς
594 3748 651 3808 τοῦ
663 3746 809 3827 βασιλέως
820 3750 992 3832 τριακοσίας
1005 3748 1099 3813 εἴκοσι
1112 3748 1208 3814 iovis.

357 3840 431 3907 245.
474 3861 587 3923 organa
599 3850 730 3925 musica,
752 3851 862 3931 quibus
875 3852 1001 3910 canebat
1013 3852 1184 3929 Heraclius,
1205 3860 1290 3910 erant
1302 3848 1375 3930 puri

271 3928 381 3985 mentis
398 3926 533 3991 affectus.
564 3929 676 3993 videsis
689 3934 888 4015 pentachordi
900 3934 1132 4017 descriptionem
1144 3938 1177 3996 in
1189 3936 1248 3995 fine
1263 3937 1371 3995 Posses.

272 4008 310 4069 de
324 4008 401 4069 bello
412 4013 515 4074 Acar.

357 4110 432 4178 249.
473 4115 597 4194 lunam,
617 4130 737 4199 praeter
755 4123 869 4199 solem,
891 4122 1017 4183 coluisse
1035 4127 1144 4185 Persas
1161 4120 1375 4183 adnotavimus

273 4213 365 4275 supra
376 4196 508 4259 Amas.
526 4201 545 4264 1
567 4206 620 4267 82.
663 4215 695 4263 at
706 4204 759 4267 hic
770 4208 873 4268 Pisida
884 4206 923 4267 de
936 4209 1009 4267 luna
1021 4218 1140 4269 tantum
1154 4210 1227 4269 facit
1237 4211 1375 4267 mentio-

273 4298 362 4357 nem,
384 4293 419 4342 ut
440 4284 500 4345 sibi
519 4288 602 4347 riam
625 4297 739 4350 sternat
752 4291 839 4353 adid
853 4290 936 4375 quod
948 4291 986 4351 de
1003 4296 1110 4374 eclipsi
1122 4296 1223 4353 lunari
1237 4292 1375 4355 dictum

274 4376 320 4425 sst
333 4367 366 4427 ln
380 4366 439 4428 line
453 4366 579 4433 humes
593 4375 756 4438 Aomaseos
770 4387 802 4441 et
813 4383 848 4438 in
859 4380 1008 4459 principio
1021 4381 1184 4462 sequentis.
