3017 4900
304 299 355 378 94
732 361 737 376 .
773 299 944 375 Pli‘l’thl

304 465 568 534 ratmunt.
603 433 1329 550 mpmrssanmmpaauasoomaa
1341 484 1412 526 ω-

305 577 373 614 nem
388 557 520 636 opponi;
549 565 579 614 st
591 575 693 614 omrses
705 557 843 614 mum
856 555 1021 615 venditores
1030 553 1203 614 occiderunt
1215 563 1245 611 et
1255 573 1413 632 opposue-

303 651 388 712 runt,
410 651 438 698 et
457 661 542 700 nemo
565 639 671 700 edebat
689 651 746 700 arat
762 639 887 700 msbct.
926 660 1019 719 porro
1034 639 1156 718 parcho
1167 639 1297 718 sactum
1317 649 1367 696 ess
1379 648 1413 695 ut

213 729 236 783 P
253 725 289 784 54
304 725 466 804 imperator
477 727 565 785 iussit
570 767 583 798 ,
601 727 781 786 ectromate
796 737 840 784 set
850 725 986 805 populns
999 726 1139 784 &usnam
1151 723 1346 783 hebdomade
1360 745 1415 782 su-

299 812 433 892 perflua.
479 829 521 870 ex
539 811 647 892 quibus
665 812 815 889 colligitur
829 813 978 892 populum
991 809 1162 891 praefixum
1174 810 1211 868 ab
1223 813 1414 890 imperatore

303 898 467 956 terminum
489 893 681 956 hebdomada
700 894 798 956 solida
815 899 1016 976 praevenisse.
1056 898 1091 954 in
1107 895 1267 954 annalibus
1287 895 1415 954 confer·-

303 992 354 1042 tur
370 980 428 1041 hoc
443 983 476 1040 in
490 981 564 1040 a.(i.
577 980 649 1046 545.
691 1001 798 1042 verum
814 985 953 1064 sequenti
966 983 1057 1061 plane
1072 982 1196 1059 contigit
1209 980 1276 1044 546
1284 1025 1294 1054 ,
1316 981 1414 1038 Iusti·

303 1068 388 1126 niani
408 1067 447 1130 19
468 1064 604 1126 nondum
625 1065 743 1128 evoluto
775 1066 880 1149 (qnod
897 1069 1000 1147 ipsum
1017 1067 1210 1144 scriptoribus
1229 1066 1413 1145 imposuit),

302 1149 444 1212 inchoata
455 1152 518 1210 iam
531 1149 637 1210 indict.
652 1153 684 1216 9.
725 1155 759 1211 in
772 1171 833 1233 qno
846 1151 1041 1212 vehementer
1054 1149 1278 1210 hallucinantur
1290 1154 1349 1231 qni
1362 1159 1414 1208 aut

304 1241 436 1296 errorem
453 1238 542 1296 illum
558 1238 722 1296 iustiniano
740 1239 892 1314 tribuunt,
915 1249 967 1296 ant
989 1238 1084 1296 ullam
1106 1239 1230 1295 omnino
1252 1234 1414 1314 paschatis

305 1317 492 1403 διαστροφήν
512 1320 654 1382 accidisse
676 1323 824 1397 scribunt,
846 1327 892 1382 uti
909 1321 1061 1382 cedrenus
1077 1319 1285 1400 Theophanes
1302 1322 1413 1395 etalii,

305 1410 472 1490 quiescam
485 1409 543 1487 ipsi
555 1409 711 1488 perspicue
723 1418 869 1488 pugnant.
893 1411 1004 1468 etenim
1017 1408 1044 1467 si
1059 1426 1100 1465 ex
1114 1409 1308 1486 imperatoris
1321 1427 1414 1486 prae-

305 1491 662 1654 :titiitsstlittj
675 1489 1344 1659 litli‘sstlt‘tttztitltto
1357 1510 1414 1656 ¹33,

305 1657 538 1745 dnosocnoissov
559 1661 664 1744 ἑορτῆς
689 1663 852 1740 duntaxat,
885 1683 978 1746 quam
1003 1663 1112 1742 vulgas
1136 1665 1316 1742 imperitum
1342 1681 1414 1720 curn

305 1745 577 1830 quartadecimanis
595 1759 696 1808 oontm
715 1767 863 1811 canonem
881 1752 989 1810 inierat
1004 1748 1160 1806 Februarii
1170 1748 1202 1811 4·
1243 1746 1307 1808 hoc
1330 1751 1413 1807 enim

308 1853 389 1894 anno
403 1835 505 1915 cyclus
517 1835 608 1893 lunae
620 1833 678 1893 fuit
695 1835 748 1910 15,
769 1837 872 1915 cyclus
883 1836 956 1896 solis
968 1835 1122 1894 Romanus
1135 1835 1192 1906 28,
1213 1833 1261 1892 lit.
1273 1832 1364 1893 dom
1376 1833 1413 1906 G,
1467 1884 1468 1887 ,

309 1929 518 1980 concurrentes
531 1921 595 1980 sive
606 1930 729 2000 epactae
743 1921 815 1980 solis
829 1924 850 1984 7
858 1965 867 1996 ,
887 1920 1078 1981 novilunium
1087 1915 1228 1996 paschale
1243 1921 1282 1983 19
1297 1921 1413 1992 Mardi,

306 2007 453 2064 tanninus
467 2023 538 2064 vero
553 2001 615 2064 hal.
629 2008 721 2083 Apr.;
744 2023 904 2085 quaecum
917 2003 1160 2067 concurrentibus
1174 2001 1246 2062 dant
1258 2003 1377 2062 teriam
1386 2005 1413 2065 1.

307 2101 401 2170 quare
412 2086 635 2168 prorogandum
649 2099 768 2168 tempus
781 2109 824 2148 ex
836 2110 968 2165 emona,
993 2100 1023 2148 et
1037 2089 1150 2168 Aprilis
1165 2092 1185 2153 8
1198 2087 1314 2167 pascha
1329 2089 1413 2148 cele-

305 2171 472 2248 brandum,
496 2183 530 2232 ut
549 2175 637 2232 scirit
651 2176 846 2236 lastinianus.
889 2195 990 2236 narsus
1005 2195 1047 2234 ex
1061 2172 1169 2236 eodem
1181 2174 1313 2232 Maximi
1326 2193 1412 2234 com·

306 2268 380 2340 puto
402 2260 547 2318 terminus
571 2260 627 2340 τῆς
647 2253 874 2339 superstitiosae
893 2264 956 2324 scic
968 2257 1074 2342 eyter
1095 2263 1242 2340 νηστειῶν
1265 2261 1336 2320 sire
1359 2263 1413 2338 τῆς

308 2337 538 2428 ἆποκρεωσίμον
556 2340 662 2426 ἑορτῆς
676 2345 830 2404 Februarii
844 2345 881 2420 4,
903 2363 981 2426 quaa
997 2365 1068 2404 cum
1082 2349 1267 2426 προσθεταῐς
1280 2345 1411 2405 totidem

308 2440 339 2491 et
360 2429 601 2490 concurrentibus
623 2431 715 2491 nullis
732 2429 785 2490 dat
801 2429 910 2491 feriam
927 2432 964 2507 13
985 2427 1170 2512 proindeque
1193 2428 1411 2491 diffimdendus

308 2514 422 2575 diesin
438 2517 637 2580 9Febrnarii.
679 2536 747 2576 cum
767 2519 860 2596 igitur
877 2518 1007 2598 populus
1023 2527 1093 2577 ante
1105 2518 1275 2595 legitimum
1287 2527 1410 2596 tempus

307 2602 341 2663 in
367 2603 497 2680 ipsomet
520 2604 649 2661 termino
674 2603 823 2663 ieiunium
851 2605 916 2664 sive
944 2600 1205 2687 quadragesimam
1230 2602 1281 2659 vel
1304 2606 1410 2681 potius

306 2680 582 2765 ressuscitationis
605 2684 776 2747 inchoasset
797 2688 884 2747 Febr.
905 2687 945 2764 4,
975 2688 1176 2747 celebraturus
1203 2684 1316 2765 pascha
1348 2686 1409 2745 kal.
1467 2679 1469 2790 l

307 2772 438 2849 Aprilis,
470 2772 651 2830 lastinianus
671 2770 768 2831 edixit
784 2792 824 2830 ue
845 2783 915 2831 ante
934 2774 955 2836 8
973 2773 1087 2851 Aprilis
1108 2783 1256 2851 ageretur.
1303 2772 1409 2853 itaque

308 2852 532 2915 hebdomadem
552 2874 645 2914 unam
669 2853 709 2915 ad
730 2859 750 2921 8
774 2856 913 2917 solennes
937 2854 1072 2931 addidit;
1103 2877 1165 2939 qua
1185 2857 1410 2936 religiosissima

309 2941 395 3021 plebs
409 2942 625 3020 interrumpere
640 2943 788 3001 ieiunium
797 2944 895 3001 uoluit
907 2953 937 3002 st
948 2944 1063 3002 oblatas
1076 2962 1179 3001 carnes
1192 2945 1316 3021 respuit.
1362 2964 1410 3001 ce-

308 3037 409 3086 tarum
431 3026 465 3085 in
485 3023 575 3085 huius
593 3027 793 3105 explicatione
808 3028 869 3086 loci
882 3028 1006 3087 mirifice
1020 3028 1137 3087 aberrat
1151 3026 1297 3108 Iosephus
1309 3027 1410 3089 scali-

309 3131 364 3191 ger
393 3108 476 3191 (1.4
499 3108 537 3169 de
556 3110 717 3170 Emendat.
736 3110 887 3193 Temp.)⁴,
918 3132 989 3173 cum
1007 3109 1090 3193 apud
1109 3110 1279 3172 cedrenum
1297 3133 1357 3194 pro
1374 3118 1408 3189 A,

308 3196 368 3284 hoc
383 3207 428 3257 est
444 3194 643 3273 4Februarii,
667 3200 727 3272 ΙΔ,
748 3195 807 3257 hoc
826 3208 873 3258 est
892 3196 949 3273 14,
971 3198 1123 3274 meabit,
1144 3209 1175 3257 et
1192 3200 1234 3261 58
1247 3195 1313 3259 dies
1329 3200 1408 3258 ieiu-

309 3302 398 3341 nasse
414 3283 561 3361 populum
575 3293 665 3363 atque
680 3283 717 3341 ah
732 3302 786 3342 esu
800 3286 936 3342 carnium
949 3284 1127 3345 abstinuisse
1144 3284 1265 3359 scribit,
1285 3304 1360 3343 cum
1371 3302 1409 3343 ex

309 3365 525 3426 consuetudine
549 3366 590 3430 46
614 3377 731 3426 tantum
753 3367 818 3428 dies
842 3370 955 3428 ieiunio
978 3372 1038 3428 sint
1057 3368 1200 3427 attributi.
1240 3388 1347 3428 verum
1371 3387 1410 3428 ex

309 3453 438 3511 Maximi
453 3462 610 3530 computo,
633 3472 725 3532 quem
737 3454 803 3533 ipse
816 3454 850 3511 in
867 3456 981 3515 calcem
997 3454 1067 3513 libri
1083 3457 1132 3514 sui
1146 3455 1286 3530 coniecit,
1307 3456 1409 3512 mani·

308 3537 386 3597 feste
399 3538 593 3596 convincitur.
617 3539 770 3599 Maximus
784 3540 866 3597 enim
878 3537 918 3598 ad
933 3538 1097 3599 eruendam
1109 3535 1167 3620 τήν
1178 3532 1410 3621 &medones

309 3616 420 3705 ἑορτήν
440 3619 578 3701 indagari
597 3624 695 3703 primo
719 3624 802 3684 iubet
822 3624 923 3705 cyclos
940 3624 1013 3685 solis
1027 3644 1063 3684 ao
1077 3624 1167 3683 lunae
1184 3643 1227 3683 ex
1240 3624 1340 3683 lunari
1351 3644 1410 3704 pe-

310 3706 413 3785 riodo,
433 3719 499 3769 tum
526 3719 744 3770 concurrentes.
786 3708 845 3769 hae
869 3729 939 3769 cum
961 3716 1159 3793 morasca,
1179 3710 1207 3769 si
1226 3710 1309 3769 ullae
1327 3720 1408 3787 sunt,
1467 3729 1468 3748 ι

312 3794 548 3955 iiiiii?
560 3791 791 3941 illisit..
805 3792 1410 3963 titti‘ttttttittffii

310 3972 345 4021 ut
358 3965 391 4021 in
403 3964 545 4043 paschate
557 3964 621 4025 fieri
634 3967 721 4027 solet.
742 3964 931 4027 additurum
944 3970 1110 4051 ψηφωμοῦ
1121 3968 1156 4026 in
1167 3984 1196 4026 a.
1209 3965 1342 4026 Heraclii
1354 3970 1409 4043 81,

312 4050 366 4131 qui
386 4058 431 4107 est
447 4046 559 4108 ¹Christi
574 4050 648 4116 641.

396 4134 461 4193 lloc
475 4144 508 4191 ut
517 4136 636 4213 planius
648 4138 819 4217 intelligas,
840 4137 916 4197 scito
927 4137 1057 4197 Graecos
1069 4132 1315 4219 quadragesimae
1329 4134 1410 4193 ieiu-

310 4220 397 4279 nium
420 4238 438 4279 a
462 4216 628 4296 dominica,
659 4241 751 4304 quam
774 4242 831 4283 nos
850 4224 1057 4302 sexagesimae
1081 4223 1174 4303 vulgo
1196 4220 1338 4295 dicimus,
1358 4220 1409 4276 in·

310 4302 418 4409 choare
441 4305 567 4386 solitos,
600 4306 682 4390 quod
706 4305 831 4392 quidem
851 4327 893 4371 ex
913 4310 1042 4399 Maximi
1065 4318 1205 4391 computo
1228 4306 1406 4387 wlligimflta
