3017 4900
271 318 483 403 QUERGIUS
508 318 552 385 nt
578 316 853 387 HEtttcthms
877 318 1129 387 acaossntt
1184 318 1252 434 141

145 481 202 551 ἔπ’
220 483 363 569 ἅμβωνος
384 483 418 549 dr
436 488 476 565 tri
494 478 646 572 dytosoirp
667 478 782 569 μεγάλῃ
800 482 956 570 Mutia,
979 490 1129 549 σταλεῖσαι
1143 484 1178 550 ds
1190 490 1252 549 rtis

147 566 339 635 ἆνατολικοῖν
359 574 459 651 μεροῖν
477 564 539 632 ont
562 568 736 650 Ἡρακλείου
767 574 824 633 τοῦ
853 564 1068 651 rdosdstrdsoo
1095 569 1251 653 βασιλέως,

146 658 298 737 doteriores
316 652 374 736 τήν
389 658 505 718 maim
525 660 582 719 sori
598 648 741 733 Xoopdoo
758 654 811 717 sal
822 652 880 733 τήν
893 648 1094 737 ἀναγόρευσιν
1107 658 1249 738 &poteo

145 747 206 805 sori
220 745 347 818 Περσῶν
368 738 525 821 βασιλέως.
566 743 698 799 lleraolii
720 742 835 799 litteras
858 738 983 799 exhibet
1006 740 1123 800 ibidem
1145 747 1248 801 auotor

146 825 305 901 Chronioi,
333 826 442 907 qan‘hus
462 826 507 882 uil
529 826 619 904 plane
640 823 768 905 quadrat
787 827 885 904 aptius
907 836 960 883 aut
976 828 1085 885 melius
1098 824 1246 902 aohaemt,

147 907 241 993 quani
259 914 376 992 primae
392 928 547 969 aoroaseos
562 913 683 968 initium
699 922 729 969 et
741 910 827 985 linis,
856 912 990 991 itemque
1004 911 1154 971 seoundae
1173 932 1247 971 oon-

146 998 253 1057 olusio.
296 996 411 1055 dioeres
426 993 562 1053 Pisidam
580 998 672 1055 totius
690 998 819 1055 oiritatis
832 998 956 1055 nomine
968 998 1107 1056 lleraolio
1121 1016 1246 1076 respou-

147 1081 238 1141 disse.
282 1085 402 1161 itaque,
432 1082 458 1139 si
472 1100 522 1138 me
533 1078 636 1155 audis,
657 1079 733 1140 haee
744 1082 861 1160 seripsit
876 1079 980 1139 Pisida
996 1101 1075 1141 anuo
1092 1101 1110 1140 a
1128 1080 1246 1141 christo

145 1178 218 1227 usto
235 1170 297 1233 628
314 1176 462 1241 exeunte,
496 1167 592 1245 quiin
607 1167 892 1246 sanguinariam
907 1164 1032 1225 reoidit:
1061 1186 1097 1225 eo
1115 1185 1247 1247 namque

146 1263 282 1331 tempore
295 1250 333 1310 de
347 1248 478 1311 chosroe
490 1250 527 1309 ab
542 1249 650 1310 eodem
661 1252 801 1311 Heraclio
814 1253 947 1331 primum
956 1252 1080 1311 subacto
1092 1262 1124 1310 et
1138 1250 1248 1310 deiude
1320 1250 1327 1257 ’

146 1357 166 1396 a
182 1337 244 1396 filio
259 1338 344 1396 Siros
365 1336 522 1395 interieoto
537 1336 687 1415 cpolitani
710 1340 791 1396 oires
813 1339 953 1396 certiores
970 1337 1044 1396 faoti
1060 1346 1142 1397 suut.
1184 1341 1247 1397 nti-

145 1442 220 1481 nam
235 1441 312 1502 quae
325 1420 428 1481 Pisida
450 1431 514 1479 tam
532 1419 654 1499 rapido,
682 1432 746 1481 tam
770 1425 872 1481 striato
894 1422 964 1481 stilo
983 1423 1118 1501 scripsit,
1139 1424 1248 1482 saltem

147 1506 309 1567 diluoidius
323 1518 353 1567 et
367 1507 488 1586 planius
503 1508 703 1585 explioasset:
732 1507 829 1565 ihtear
844 1508 942 1580 enim,
971 1505 1129 1588 quodnisi
1141 1505 1247 1566 Theo-

146 1590 264 1671 phanes
278 1592 390 1673 uhique
407 1592 506 1650 laeam
519 1592 720 1669 praetulisset,
741 1593 846 1650 multis
862 1593 895 1649 iu
907 1592 982 1649 loois
998 1589 1144 1651 haesisset
1157 1610 1246 1672 aqua,

146 1676 232 1758 quod
249 1680 348 1751 aiuut3
391 1678 504 1758 quippe
525 1686 658 1735 tortuosa
679 1686 709 1735 et
732 1678 888 1755 implioata
913 1677 1066 1755 allegoriis
1089 1688 1248 1737 sommant

146 1763 260 1837 multa,
289 1781 420 1845 quorum
434 1780 557 1822 umam
571 1764 673 1824 statim
686 1765 808 1845 assequi
820 1760 909 1822 iaoila
922 1780 984 1821 uon
997 1782 1063 1821 esse
1076 1762 1247 1843 legentibus

146 1848 270 1927 patebit.

248 2100 302 2175 IN
334 2096 701 2175 HERACLlADEM
725 2094 1144 2177 ADNOTATIONES.

231 2290 371 2348 Aesoss.
388 2294 404 2353 1
428 2308 458 2347 r.
477 2292 508 2353 1.
550 2284 599 2346 Ad
611 2288 724 2347 osloem
735 2286 877 2348 Ghruuiei
890 2286 1044 2349 Pasohalis
1052 2310 1089 2365 p.
1107 2290 1170 2351 398
1184 2291 1246 2352 727

150 2368 190 2435 15
207 2370 257 2430 ed.
270 2375 367 2431 Boun.
383 2383 503 2433 exstant
523 2374 641 2433 litterae
657 2374 694 2432 ab
706 2375 845 2433 Heraclio
858 2373 898 2432 ad
917 2376 1091 2455 Cpolitanos
1107 2382 1175 2452 post
1191 2371 1247 2430 de-

146 2460 261 2515 viotnm
275 2455 437 2519 chosroam
453 2461 574 2534 missae,
595 2459 750 2539 inquibus
765 2462 937 2540 imperator,
959 2458 1041 2542 quod
1056 2457 1114 2517 deo
1126 2459 1247 2516 favente
1306 2522 1308 2527 ,

146 2545 327 2622 contigerat,
356 2553 475 2621 narrat,
498 2547 638 2624 uvasque
654 2541 791 2603 hortatur
806 2555 905 2624 utpru
918 2556 982 2604 tam
994 2562 1137 2626 prospero
1151 2562 1247 2622 expe-

147 2625 269 2688 ditionis
285 2629 322 2686 ab
339 2648 371 2688 se
391 2640 546 2709 susceptae
563 2637 672 2688 eventu
689 2640 766 2689 totos
780 2650 813 2690 se
831 2632 865 2689 in
882 2629 933 2690 dei
948 2631 1055 2693 laudas
1078 2628 1245 2689 effundant.

147 2731 199 2771 eae
212 2713 329 2773 litterae
341 2733 409 2772 oum
420 2713 541 2774 Pisidae
552 2717 676 2774 senariis
693 2717 893 2774 ooufersutur.

230 2804 262 2862 2.
305 2799 425 2857 Pisidae
439 2793 657 2881 dorpododlooc
669 2799 720 2859 hio
731 2803 964 2860 vooantiPersas
973 2798 1133 2879 plauderet
1142 2799 1243 2856 liben-

146 2879 260 2942 tissime
274 2881 410 2942 Thomas
422 2882 521 2964 Hyde,
536 2889 588 2964 qui
601 2888 634 2942 in
647 2885 724 2942 libro
739 2885 776 2942 ds
788 2886 877 2964 relig.
893 2898 952 2944 vat.
968 2882 1053 2944 Pers.
1067 2905 1127 2943 neo
1138 2879 1246 2964 dorpa-

147 2964 270 3050 λάτρας,
294 2989 395 3050 neque
406 2963 629 3050 πυρσολᾶτρας,
658 2967 712 3027 sed
729 2963 954 3050 dotpododloog·
972 2980 1002 3028 et
1017 2964 1247 3050 nopoododiooc

147 3052 343 3134 appellandos
356 3073 421 3114 essa
437 3052 605 3113 contendit:
632 3055 669 3112 ah
683 3056 766 3112 omui
779 3056 861 3112 enim
872 3052 1060 3113 idololatriae
1076 3054 1245 3132 suspitione
1304 3088 1312 3104 ·

147 3159 198 3198 eos
219 3141 348 3198 liberare
370 3149 526 3218 satagens,
549 3139 686 3214 δουλίας,
711 3159 773 3197 non
795 3139 931 3217 impleo,
953 3141 1163 3209 venerumt,
1184 3155 1246 3194 uon

146 3225 329 3284 adorationes
348 3228 448 3305 speeie
471 3227 586 3284 uultum
607 3221 816 3290 tannuumodo
840 3225 962 3283 oivilem
985 3226 1071 3283 astris
1096 3242 1148 3282 eos
1170 3222 1246 3281 olim

146 3313 328 3388 praestitisse
347 3321 377 3369 et
396 3328 476 3368 nuno
499 3329 619 3390 quoque
633 3320 784 3388 praestare
798 3307 947 3368 deoeruit:
968 3311 1001 3366 iu
1016 3327 1108 3388 φιιπι
1120 3317 1245 3368 senteu-

147 3399 221 3453 tiam
237 3398 357 3454 iterunt
377 3398 469 3452 etiam
481 3393 634 3454 Prideaux
647 3397 732 3454 Ht'et.
751 3394 822 3454 lud.
837 3405 909 3454 tom-
929 3399 941 3457 1
956 3415 993 3474 p.
1008 3397 1072 3459 215
1095 3404 1126 3452 at
1142 3396 1243 3452 Bean-

147 3480 263 3538 sobrius
283 3481 368 3539 Hist.
391 3479 533 3539 Manioi.
562 3491 632 3538 tom.
659 3483 675 3542 1
699 3501 737 3559 p·
763 3483 834 3545 173.
876 3499 983 3538 rerum
1003 3481 1057 3560 qni
1080 3479 1244 3538 chosroam

147 3556 346 3646 dotpo'dovtov
359 3563 410 3622 hio
421 3566 562 3645 appellat,
577 3583 652 3624 mox
663 3584 693 3621 r.
712 3557 974 3646 14mpooidrpns
986 3565 1115 3624 rooahit.
1133 3582 1244 3642 ergone

146 3651 279 3710 sibinen
294 3659 407 3708 ooustat
419 3648 545 3709 Pisidal
586 3651 712 3708 minime
727 3667 816 3722 rero3
844 3649 899 3708 sed
915 3648 1072 3708 fatendum
1086 3669 1157 3708 eum
1169 3651 1248 3710 too-

146 3737 215 3798 llor
228 3754 247 3793 a
261 3735 381 3820 tarpeios
393 3755 455 3794 nou
470 3733 670 3813 distinguere,
697 3752 733 3792 ao
746 3731 854 3824 podem
868 3736 958 3813 plane
971 3753 1062 3794 sensu
1073 3727 1244 3812 &aedoeo-

145 3825 200 3883 λον
220 3829 251 3878 at
269 3814 474 3902 ἅστρολᾶτρην
495 3823 661 3899 accepisse,
691 3828 725 3878 ut
740 3821 794 3898 qui
810 3818 849 3877 de
861 3822 1021 3878 Persarum
1033 3821 1244 3898 superstitione

147 3907 224 3963 oiroa
238 3915 318 3963 astra
333 3915 364 3963 et
378 3907 481 3984 iguem
491 3907 668 3984 neutiquam
680 3901 846 3981 dubitaret3
874 3903 957 3986 quod
973 3923 1014 3963 ex
1031 3905 1070 3962 iis
1084 3923 1161 3984 qaae
1172 3921 1245 3982 pro-

148 3993 231 4048 xime
241 4000 408 4071 sequuntur
419 3989 537 4049 abunde
553 4000 644 4070 patet.

231 4075 263 4136 3.
306 4077 465 4154 Magorum
477 4073 592 4134 deridet
603 4077 762 4151 muniam,
777 4093 906 4157 quoram
917 4073 1066 4135 ratieiniis
1078 4072 1243 4154 plurimun

149 4153 295 4219 chosroes
307 4159 429 4220 fidebat.
471 4161 542 4222 ride
556 4181 587 4220 v.
602 4159 643 4225 54
662 4173 691 4220 et
703 4181 784 4242 seqq.

232 4242 264 4306 4·
307 4246 371 4321 sol,
397 4247 488 4323 luna,
509 4249 588 4326 ignis
601 4249 762 4306 Persarum
774 4247 897 4306 fueram
911 4245 1053 4318 numne,
1083 4240 1245 4321 dequibus

150 4349 239 4410 saepe
255 4331 291 4389 iu
313 4333 482 4392 aeronibus
504 4331 671 4412 deEspsd.
690 4331 879 4394 dictumest.
921 4331 1021 4390 simile
1034 4327 1113 4388 illud
1128 4323 1247 4405 Virgilii
