3017 4900
289 386 342 464 84
723 385 786 454 Dll
811 381 953 454 canan

291 565 458 618 ceterarum
473 569 552 635 quae
567 561 654 611 muro
670 551 827 628 orientali,
849 551 903 632 qui
921 545 1004 610 aedis
1026 557 1195 629 postremus
1216 559 1278 628 est,
1304 549 1394 610 adia-

291 652 378 716 cent,
400 642 516 699 clausos
530 636 666 698 cardines
681 639 796 717 aperire
811 635 984 710 aedituum3
1006 638 1077 716 quia
1090 635 1224 696 fortassis
1237 656 1292 695 eae
1305 647 1395 696 erant

291 738 416 809 portae,
449 742 525 806 quae
551 720 739 782 aedituorum
768 741 856 782 curae
879 721 1094 781 incumbebant
1114 741 1168 779 seu
1190 725 1393 783 ostiariorum.

289 831 363 874 num
382 823 416 870 ut
430 820 476 869 est
491 806 573 889 apud
589 808 738 868 Isidorum
750 810 904 868 iuniorem
914 811 947 867 in
963 809 1049 887 epist.
1066 804 1105 865 ud
1120 807 1326 885 Luitfredum,
1348 808 1397 868 ad

289 899 448 959 emortum
462 898 614 973 pertinent
636 895 737 953 claves
759 893 911 965 ecclesius,
933 903 969 951 ut
986 891 1113 950 claudat
1133 903 1162 949 et
1177 897 1296 972 apenist
1315 905 1396 954 tem-

282 982 375 1064 plum
392 981 454 1052 dei,
475 991 505 1037 et
523 982 625 1038 omnus
647 1001 725 1061 pirus
747 990 821 1038 ssent
836 982 919 1038 intus
939 989 1080 1058 saboque
1099 979 1268 1052 custodiri,
1279 979 1395 1055 fideles

287 1070 429 1146 recips'cn,
449 1065 583 1140 infideles
599 1075 628 1122 et
643 1066 910 1124 excommunicatos
923 1065 1048 1122 reiics'at.
1093 1061 1175 1122 unde
1188 1067 1324 1146 πυλωρολ
1342 1065 1395 1126 dl-

290 1163 400 1213 cnntur
413 1154 445 1210 in
461 1151 588 1230 epistola
601 1151 724 1230 quaes.
737 1153 855 1230 ignatio
869 1150 1018 1223 tribuitur,
1034 1149 1134 1208 atalia
1147 1149 1180 1208 S.
1189 1149 1321 1210 Cornelii
1328 1153 1392 1231 1³1²,

290 1257 369 1320 quae
387 1245 485 1296 exstat
503 1233 585 1315 apud
600 1237 765 1296 Eusebium
780 1239 856 1295 ilict.
870 1237 952 1294 Eccl.
970 1238 989 1298 6
1011 1233 1064 1297 ³5.
1106 1235 1245 1318 θνρωρολ
1265 1239 1297 1295 iu
1318 1259 1394 1298 con-

290 1326 360 1382 cilio
376 1320 499 1381 Laudic.
517 1339 582 1378 can.
599 1319 641 1384 34
660 1330 689 1381 et
704 1319 876 1403 Epiphanio
894 1321 926 1378 in
944 1321 1083 1399 Exposit.
1127 1318 1198 1378 fidei
1217 1321 1393 1402 catholicae,

290 1409 352 1467 nisi
374 1427 430 1487 per
452 1425 558 1465 rocem
580 1401 722 1487 νεοκόρος
741 1408 929 1485 intelligatur
947 1404 1161 1479 subdiaconus,
1184 1409 1232 1464 oui
1249 1407 1394 1469 catechu-

290 1511 397 1554 menos
419 1500 449 1549 et
469 1491 656 1571 paenitentes
676 1493 709 1550 iu
727 1493 887 1551 ecclesiam
907 1488 1095 1549 introducere
1111 1499 1141 1548 et
1156 1509 1196 1549 ex
1212 1511 1247 1551 eu
1265 1494 1394 1555 edacem

290 1577 500 1652 incumbebat,
523 1595 565 1634 ex
581 1575 689 1635 eodem
705 1579 831 1636 concilio
846 1575 1033 1652 Laodicena,
1055 1585 1089 1634 ut
1105 1595 1233 1638 canones
1250 1583 1292 1642 22
1305 1592 1334 1639 et
1350 1583 1393 1644 23

289 1665 523 1744 interpretantur
542 1663 675 1722 Zonaras
691 1673 722 1721 et
734 1665 911 1736 Balsamon,
933 1659 1188 1741 quemadmodum
1206 1661 1324 1725 diacoffi
1340 1686 1394 1725 su-

290 1750 349 1809 cria
361 1749 487 1807 bematis
499 1747 614 1807 foribus
627 1759 787 1827 praeerant
799 1757 918 1807 anctore
930 1749 1075 1827 Dionysio
1089 1746 1126 1804 de
1136 1749 1308 1812 Ecclesiam.
1317 1754 1394 1812 llis-

291 1831 409 1895 rarebia
424 1853 452 1893 c.
464 1829 496 1898 6.
537 1833 581 1891 ita
593 1835 687 1911 igitur
701 1835 890 1894 silentiarius
905 1843 981 1913 part.
994 1837 1015 1897 2
1030 1851 1059 1891 v.
1074 1831 1133 1898 25:

543 1994 553 2020 s
691 1995 701 2020 t
869 1917 931 2020 scis
945 1939 978 2000 ys
991 1913 1047 2022 pig
1059 1915 1159 2023 ἄλλων

456 2005 1259 2168 {ltilititlii‘lllttttitillo.

292 2189 383 2254 porro
395 2171 532 2252 pluribus
542 2173 636 2251 portis
646 2175 780 2255 patuisse
790 2171 912 2233 aedium
921 2191 1072 2234 sacrarum
1083 2171 1181 2234 aditus
1191 2176 1290 2238 innuit
1302 2179 1395 2238 etiam

291 2259 438 2319 Paulinus
456 2259 524 2317 Nat.
540 2259 580 2320 9:

704 2339 879 2422 gmsdetque
885 2344 951 2421 piis
962 2363 1019 2402 essa
1034 2347 1151 2404 moenio
1164 2346 1248 2406 vinei

457 2423 601 2496 unsubras,
621 2435 713 2507 otqsse
723 2427 844 2506 amplus
854 2429 981 2509 populis
995 2425 1201 2510 rumpentibus
1212 2431 1303 2496 aulas

457 2510 559 2570 laxari
572 2512 681 2570 dursac
696 2534 853 2571 numerosa
862 2536 921 2593 per
934 2518 1010 2574 ostro
1025 2516 1139 2575 turbas.

292 2590 379 2655 addit
398 2594 517 2675 Gyllius
537 2600 707 2657 maximum
727 2596 874 2678 Sophiani
893 2601 999 2681 templi
1016 2600 1131 2660 aditum
1148 2602 1185 2662 ab
1203 2623 1311 2664 occasu
1328 2624 1395 2665 esse

292 2681 385 2761 plano
408 2680 504 2760 pede:
535 2702 594 2741 neo
616 2686 712 2757 enim,
739 2694 773 2741 ut
793 2683 965 2745 Pantheum
985 2688 1173 2767 Romanum,
1195 2690 1338 2771 gradibus
1360 2702 1396 2751 ut

290 2767 367 2825 olim
379 2765 503 2826 ascendi
516 2777 569 2826 aut
585 2777 620 2826 nt
635 2786 716 2825 nuno
731 2766 883 2829 descendi.

377 2894 430 2957 26.
471 2893 520 2952 Ab
548 2894 664 2953 oriente
687 2896 778 2954 unica
800 2897 932 2974 aperitin
951 2906 1056 2977 porta,
1086 2918 1162 2980 qna,
1189 2901 1289 2982 inquit
1310 2898 1396 2961 idem

292 2976 430 3058 Gyllius,
451 2981 584 3060 quinque
604 2977 747 3059 gradibus
767 2978 926 3041 descensus
944 2985 1073 3061 patetin
1088 2984 1205 3045 aedem.
1248 2988 1394 3048 Silentia·

293 3065 355 3124 rins
371 3073 448 3143 part.
462 3068 484 3128 2
497 3083 528 3122 v·
546 3069 604 3131 161
616 3083 626 3124 τ

457 3142 525 3211 ἄλλ’
538 3148 589 3213 lut
604 3146 660 3230 pis
676 3144 839 3213 outcome
851 3144 933 3230 πύλη
946 3151 1010 3231 piu.

292 3234 350 3311 τῆς
370 3224 447 3317 ἑῴας
467 3236 555 3295 istius
575 3230 674 3316 πύλης
693 3238 831 3295 meminit
851 3246 954 3295 auctor
974 3238 1122 3297 Historiae
1141 3236 1179 3300 de
1193 3241 1342 3299 miraculo
1362 3242 1394 3299 in

293 3333 379 3375 sacro
395 3316 537 3377 ecclesiae
552 3332 644 3397 puteo
661 3317 753 3380 edito.
794 3318 943 3401 perhanc
957 3319 1086 3402 denique
1103 3324 1265 3383 Ssdtanum
1282 3327 1395 3385 Turci-

292 3419 362 3458 cum
375 3402 523 3480 templum
537 3403 655 3482 ingredi
669 3408 771 3480 aiunt,
793 3426 834 3465 ex
849 3409 955 3487 quain
968 3410 1140 3486 proximam
1155 3412 1257 3469 aulam
1270 3410 1394 3485 secedit,

292 3482 430 3543 adlatus
451 3486 578 3547 bematis
597 3488 794 3550 meridionale
809 3502 997 3569 exstantem,
1017 3494 1069 3552 ubi
1086 3498 1236 3572 consistit,
1259 3515 1330 3555 cum
1343 3515 1395 3557 sa-

292 3571 351 3629 cris
366 3570 500 3648 profanis
512 3573 646 3635 interest.
763 3648 766 3655 ,

375 3698 428 3760 27.
470 3698 610 3781 Denique
624 3699 664 3761 ad
677 3702 913 3781 septentrionem
924 3698 1076 3785 duplicem
1090 3714 1209 3785 portum
1221 3709 1327 3768 statuit
1342 3708 1396 3769 Sl·

291 3780 447 3843 lentiarins
464 3796 541 3865 part.
556 3792 577 3852 2
591 3806 622 3847 r.
637 3784 714 3852 154:

182 3862 207 3917 Ρ
223 3860 276 3922 ⁶⁴³
869 3866 1017 3954 ’luisci'
1034 3865 1133 3954 ‘itin’

454 3944 595 4101 §perages
607 3955 755 4039 ξυνοχῆας
769 3947 965 4021 alsatiense·
981 3958 1139 4043 θυρέτρων

474 4044 537 4119 stur
554 4063 606 4104 ων.

292 4125 324 4179 et
339 4118 418 4180 iniis
432 4140 465 4183 r.
482 4127 562 4190 1612

866 4205 945 4294 rrpdr
958 4206 992 4275 dd
1003 4214 1145 4293 κελαινῆς

389 4361 396 4375 ‚
452 4287 564 4367 made
575 4290 644 4368 ἕδος
654 4289 764 4375 δισσήν
777 4292 827 4359 tut
839 4296 958 4359 δικλλδα
971 4292 1045 4372 λαός
1059 4293 1171 4363 ddtsias.

289 4384 322 4435 st
338 4396 410 4439 rem
432 4376 473 4438 ad
489 4377 649 4441 meridiem
665 4380 766 4443 nullu
778 4390 880 4465 portas
891 4382 985 4443 inisse
998 4382 1152 4462 obsemt,
1173 4378 1228 4443 ssd
1241 4402 1258 4441 e
1270 4382 1396 4462 regione
