3017 4900
308 339 368 407 DE
392 338 529 411 REBUS
552 337 662 409 POST
681 335 934 409 ultumum
947 338 1106 407 GESTIS.
1208 339 1256 411 11

123 509 253 605 φορίρ
269 526 301 579 τε
315 513 368 579 καλ
384 516 491 599 πομπῇ
502 505 668 599 χριόμενος.
719 512 772 578 καλ
788 508 883 579 αδτδν
897 511 972 579 idolo
985 515 1100 590 Σαΐτος
1114 507 1256 598 ἐξανίστη

124 641 174 685 τε
194 622 261 701 τῆς
278 616 432 703 καθίδρας
446 617 498 681 καλ
522 614 599 703 πρδς
617 613 775 702 τοάδαφος
793 612 902 683 ἑαυτὸν
915 615 1092 703 ἀπορρίψας
1105 612 1257 702 προσεκό-

127 739 213 787 νει·
239 716 332 797 αάτός
343 744 376 785 τε
391 717 424 784 ἐκ
437 724 493 785 τοῦ
507 718 643 799 ἀκατίου,
658 720 691 785 ἐν
707 710 733 807 ᾧ
747 718 876 799 ἐπίπλει,
893 708 934 784 τό
943 728 1032 806 χαῖρε
1048 719 1133 807 αὐτῷ
1142 743 1257 806 προσε-

131 818 251 911 φεόνει
276 824 329 888 καὶ
360 823 487 909 δωρεαῖς
513 821 665 907 ἠμείβετο.
716 811 777 887 ὦδε
799 821 877 911 πρός
900 820 995 887 αάτδν
1016 824 1130 898 Saltus
1148 820 1256 899 ἔλεξεν.

97 922 154 996 5“
167 924 244 991 ἔδει
257 924 332 1009 μίν,
363 917 550 1009 ὦβασιλιῦ,
574 925 646 1003 τοὺς
662 922 821 1008 Ῥωμαίων
842 919 875 990 τε
893 926 945 990 καλ
959 927 1092 1011 Περσῶν
1111 925 1258 1006 βασιλίας

132 1026 232 1112 μήτε
259 1028 438 1094 διίστασθαι
459 1037 527 1105 ταῖς
547 1024 683 1114 γνώμαις
703 1028 782 1112 μηδ’
809 1024 978 1094 ὁπωστιοῦν
1001 1026 1144 1110 ἀλλήλοις
1172 1027 1258 1092 ἀντι-

135 1134 381 1210 καθίστασθαι,
396 1134 440 1209 είς
452 1132 556 1220 φιλίαν
570 1156 603 1197 τε
618 1134 670 1197 καλ
684 1127 853 1214 συμβάσεις
867 1132 943 1197 δίναι
957 1126 1001 1208 ὡς
1014 1127 1258 1219 προθυμότατα·

138 1232 230 1322 ὅπερ
247 1230 372 1319 ἣδιστόν
387 1260 419 1302 τε
434 1236 486 1300 καλ
503 1231 608 1322 εάχαρι
627 1233 807 1324 ἀνθρώποις
822 1242 886 1313 τοῖς
898 1231 995 1300 πόλοι
1010 1237 1061 1299 καλ
1076 1238 1131 1299 νῦν
1143 1229 1259 1319 συγχό-

140 1362 195 1405 νει
214 1335 348 1417 ἅπασιν,
384 1337 427 1415 είς
444 1363 476 1405 τε
491 1343 546 1421 τῆς
563 1340 640 1422 ζωῆς
660 1364 693 1404 τε
714 1344 770 1421 τῆς
792 1338 914 1417 ιόκτίας
935 1339 987 1403 καλ
1010 1336 1259 1424 εάγνωμαυμίνης

92 1454 136 1510 10
144 1438 354 1520 αἲτιαότατον,
380 1443 431 1507 καλ
447 1446 490 1530 τῷ
507 1438 639 1529 περιόντι
657 1447 713 1525 τῆς
732 1442 887 1519 ἐξουσίας·
912 1442 1158 1529 συμπαραμίνειν
1173 1440 1208 1506 δέ
1221 1440 1257 1506 τό
1271 1442 1297 1499 P
1313 1444 1333 1501 8

145 1548 211 1627 τῆς
228 1539 410 1627 συμβάσεως
422 1544 564 1629 μέγεθος.
600 1545 651 1610 καλ
666 1543 726 1633 γὰρ
743 1544 829 1626 ἴσμεν
847 1541 890 1621 ὡς
902 1541 1015 1626 ήκιστα
1028 1554 1095 1621 ταῖς
1107 1544 1258 1621 ἐξουσίαις

148 1645 194 1731 δὴ
210 1645 339 1724 ταόταις
352 1645 521 1736 ἐφάμιλλος
533 1648 670 1713 πολιτεία
685 1648 794 1737 φανείη
809 1645 848 1713 ἀν
860 1644 991 1715 nonore.
1042 1647 1079 1713 αδ
1090 1645 1150 1735 γὰρ
1163 1645 1259 1729 ὅσιον,

148 1748 257 1838 παρόν
270 1746 457 1839 ἐπιφροσύνῃ
479 1752 531 1817 καὶ
552 1750 696 1841 εὐβουλίᾳ
711 1750 890 1838 χρωμίνσυς
913 1749 947 1814 τδ
971 1748 1077 1817 εόναυν
1090 1754 1142 1816 καὶ
1157 1752 1259 1837 φίλιον

150 1854 201 1931 είς
226 1850 379 1938 ἀλλήλους
400 1849 631 1941 κρατύνασθαι,
672 1850 753 1919 όπλα
778 1852 851 1920 κατ’
876 1850 1019 1938 ἀλλήλων
1039 1854 1184 1941 αἴρεσθαι
1206 1855 1259 1919 καί

109 1966 146 2025 15
154 1958 318 2041 πημαίνειν
331 1956 387 2023 οάκ
403 1956 434 2024 ἐν
448 1958 517 2045 δίκη
534 1959 587 2023 καλ
602 1961 715 2023 κακοῦν
726 1956 762 2023 τὸ
778 1952 922 2039 ὑπήκοον.
972 1959 1005 2036 ἐξ
1021 1946 1064 2023 ὧν
1078 1958 1111 2022 τί
1122 1958 1259 2040 συμβαί-

154 2084 201 2127 νει
207 2086 220 2143 ,·
247 2062 274 2125 εέ
294 2060 351 2143 μὲν
370 2058 406 2126 τό
427 2056 606 2146 δμόγνωμον
627 2062 679 2125 καί
699 2060 847 2147 είρηνικδν
862 2056 1020 2144 θήσεσθε,
1044 2058 1211 2143 εάδιιίμονό
1225 2084 1259 2126 τε

157 2158 301 2252 ἑκάτερον
313 2160 401 2245 ἀμῶν
415 2169 476 2229 τῶν
492 2162 593 2231 ἀλλων
609 2160 783 2251 ἀνθρώπων
798 2168 917 2248 μᾶλλον
930 2160 1065 2251 ὑπάρξαι
1069 2212 1081 2243 ,
1106 2160 1259 2247 ζηλωταός

157 2268 263 2333 τεκαὶ
287 2262 489 2352 ἀξιαγόοταυς
513 2269 555 2345 είς
572 2266 626 2333 τόν
647 2264 768 2333 ἅπαντα
789 2268 858 2349 βίον
881 2268 1078 2332 δείκνυσθαι·
1114 2268 1157 2345 είς
1171 2292 1203 2332 τε
1221 2264 1258 2331 τό

160 2366 301 2454 ἀμοχθον
315 2372 366 2436 καὶ
379 2367 516 2454 εόθυμον
531 2366 547 2435 ό
561 2367 653 2449 πόνος
668 2370 702 2435 δὲ
714 2367 787 2453 ὑμῖν
802 2372 927 2458 φροντὶς
940 2366 1161 2466 περιστήσεται.
1187 2372 1215 2434 ελ
1229 2368 1258 2433 δ’

121 2465 202 2542 stol
219 2499 253 2559 ys
267 2475 355 2539 ταυτί
369 2474 544 2558 μεθιέμεναι
547 2521 559 2554 ,
585 2475 637 2539 καὶ
650 2469 755 2557 ήλίκον
770 2470 835 2538 οἷον
852 2472 972 2558 ἀγαθόν
985 2471 1105 2560 εἰρήνην
1120 2471 1258 2538 ἐκποδὼν
1273 2481 1297 2537 Β

162 2573 350 2662 ποιήσασθαι
365 2575 491 2658 ε’λίσθε,
516 2579 567 2643 καὶ
589 2575 678 2644 οάδέν
697 2573 743 2641 ότι
769 2573 954 2664 ὀνησιφόρον
978 2581 1163 2662 λογίσασθαι
1186 2572 1259 2659 ὖμῖν

164 2675 253 2761 olous,
274 2680 452 2764 δυσμένειαν
466 2680 501 2746 δέ
515 2680 571 2766 τήν
587 2683 630 2760 είς
644 2675 795 2765 ἀλλήλους
808 2681 860 2746 καὶ
874 2679 909 2745 εδ
923 2679 1066 2763 ἔχθιστον
1079 2679 1260 2768 ἀνθηρημέ-

228 2841 248 2898 4
265 2832 321 2896 olto
337 2837 390 2896 ll?
490 2841 509 2896 9
526 2839 583 2912 είς]
598 2839 638 2896 ἐτι
654 2842 793 2896 Petavius.
908 2844 943 2900 12
958 2837 994 2911 δὴ
1011 2840 1154 2909 Petreius,
1177 2841 1260 2895 ests>

230 2907 310 2978 φάνη
325 2903 379 2964 κάν
395 2910 431 2964 Ρι
448 2911 566 2964 correxit
581 2910 609 2964 in
625 2912 743 2982 margine
757 2911 896 2968 Petarius.
1000 2914 1035 2968 19
1051 2928 1081 2968 τε
1095 2907 1164 2980 ἀμῖν
1176 2911 1225 2966 καλ
1239 2905 1259 2981 ἡ

230 2977 371 3049 φροντλςί
471 2980 506 3032 21
525 2975 651 3041 ἑλεῖσθεί

169 3117 231 3202 lruno
247 3115 405 3189 simulatque
419 3116 510 3202 Saltus
527 3117 681 3202 conspexit,
710 3117 812 3174 eselio
831 3132 941 3188 surgens
963 3122 992 3172 et
1013 3113 1263 3203 humiprorolutua

168 3188 709 3326 ilttzttttltttlt,tttltlt
725 3187 1201 3312 tilffilttltttttt?
1210 3205 1262 3310 ἕλῖ

168 3319 354 3380 “Romanorum
367 3326 472 3398 quidam
485 3344 517 3380 ao
529 3326 670 3381 Persarum
681 3326 819 3399 principes
836 3328 977 3410 oportebat
990 3343 1077 3398 neque
1092 3326 1186 3380 animis
1199 3345 1217 3380 a
1232 3344 1264 3380 se

170 3395 275 3450 invicem
291 3395 437 3450 disiunctos
455 3411 515 3448 esse
531 3413 618 3480 neque
633 3396 686 3450 ulla
702 3397 730 3450 in
746 3415 778 3450 re
794 3395 939 3464 dissidere,
962 3397 1011 3449 sed
1030 3395 1172 3450 amicitiam
1192 3395 1265 3449 inter

171 3483 197 3518 se
216 3483 247 3518 ao
270 3465 365 3518 foedus
389 3481 466 3534 quam
487 3463 669 3520 lubentissime
683 3466 853 3535 coniungere.
889 3466 959 3587 φασδ
972 3483 1031 3518 oum
1048 3465 1184 3521 veteribus
1202 3464 1264 3518 olim

171 3533 222 3601 luit,
240 3543 295 3588 tum
312 3534 431 3589 omnibus
448 3533 498 3586 hoo
514 3541 633 3605 tempore
650 3535 800 3590 hominibus
816 3534 894 3589 iuoun
913 3534 1029 3588 ὶεείαιααι
1044 3545 1101 3603 est3
1119 3553 1204 3604 eaque
1218 3551 1264 3588 res
1324 3557 1328 3566 ¹

173 3611 196 3656 et
208 3602 421 3674 tranquillitatem
445 3603 517 3656 ritae
539 3611 619 3674 atque
636 3605 793 3676 optimarum
808 3604 892 3672 legum
910 3604 1102 3658 institutionem
1118 3606 1212 3673 aliert,
1235 3611 1265 3656 et

172 3671 201 3726 τό
212 3672 241 3727 id
257 3673 327 3742 quod
344 3673 378 3726 de
391 3671 503 3743 irnperio
517 3673 602 3726 edituo
619 3683 743 3745 superest
756 3675 881 3726 tuendum
895 3692 1056 3747 magnopere
1069 3673 1196 3744 pertinet.
1214 3691 1265 3726 ne-

188 3759 216 3795 ue
238 3743 305 3796 enim
322 3741 472 3824 ignoremus
497 3741 594 3794 nullum
617 3759 729 3814 unquurn
746 3742 883 3812 imperium
900 3745 975 3812 sore,
1000 3745 1072 3813 quod
1090 3760 1147 3796 oum
1160 3744 1265 3795 duobus

173 3759 215 3864 llis
232 3811 347 3865 oonierrr
362 3810 457 3881 possit.
493 3817 573 3879 atque
589 3810 653 3864 illud
671 3814 747 3866 nelos
766 3830 826 3866 esse
841 3812 924 3881 (luco,
948 3813 1019 3866 inter
1039 3830 1105 3895 quos
1123 3812 1265 3882 prudentia

173 3889 243 3950 atque
265 3879 375 3934 oonsilio
398 3887 488 3933 rnutua
508 3880 694 3934 benevolentis
719 3889 747 3934 et
769 3881 884 3934 amicitia
910 3883 1059 3935 confirmari
1079 3881 1179 3952 possit,
1215 3898 1263 3935 eos

174 3967 234 4004 arna
257 3950 310 4004 sibi
332 3949 445 4004 invicem
469 3949 570 4002 inferre
592 3968 623 4003 eo
646 3950 780 4005 subiectos
802 3949 856 4003 sibi
878 3951 990 4022 populos
1006 3950 1065 4004 sine
1083 3967 1164 4004 causa
1180 3950 1265 4004 detri-

174 4019 256 4072 mentis
272 4019 390 4072 allicere.
426 4035 460 4071 ex
478 4034 531 4088 quo
551 4019 614 4088 quid
637 4021 743 4073 tandem
761 4019 884 4072 accidet?
919 4020 1038 4074 riimirnru
1055 4019 1080 4073 si
1097 4021 1264 4073 concordium

175 4087 233 4140 iulet
244 4106 293 4144 vos
310 4105 453 4158 pacemque
466 4087 648 4154 stabiliemus,
664 4090 772 4158 utrique
785 4087 883 4142 ceteris
896 4088 1042 4143 hominibus
1059 4089 1139 4142 multo
1156 4089 1262 4142 ielioio-

174 4172 211 4208 res
229 4165 255 4209 et
275 4163 332 4210 toto
357 4156 430 4210 vitae
451 4165 571 4228 tempore
593 4155 687 4212 maiori
709 4159 737 4212 in
761 4157 902 4228 splendore
919 4167 947 4212 et
961 4159 1073 4212 omnium
1090 4159 1263 4212 admiratione

174 4225 248 4294 eritis,
267 4241 299 4278 ao
311 4225 427 4280 laborem
441 4225 513 4282 illum
529 4245 670 4296 curamque
685 4245 743 4283 curu
760 4228 850 4297 quiete
867 4235 895 4282 et
911 4228 966 4282 otio
984 4227 1184 4282 commutabitis.
1218 4228 1262 4280 sin

174 4293 208 4350 his
227 4293 382 4364 contemptis
408 4313 439 4349 ao
462 4296 570 4350 reiectis
592 4314 682 4368 paoem
700 4297 778 4366 longe
798 4297 1051 4368 praestantissimum
1067 4300 1163 4350 bonum
1180 4313 1262 4367 repu-

174 4365 238 4422 d'ure
254 4363 409 4435 mdueritis,
424 4365 491 4420 nihil
506 4383 539 4422 ea
554 4383 615 4439 res,
632 4365 696 4422 mihi
709 4367 826 4439 meiito,
842 4369 920 4425 robis
937 4367 1060 4424 anuntio
1075 4367 1180 4420 afferet.
1213 4365 1263 4421 sed
